%% This BibTeX bibliography file was created using BibDesk.
%% http://bibdesk.sourceforge.net/


%% Created for Daniel Markthaler at 2019-11-20 18:40:36 +0100 


%% Saved with string encoding Unicode (UTF-8) 



@book{10.1039/9781847557889,
	Author = {Renner, Terry},
	Doi = {10.1039/9781847557889},
	Editor = {Cohen, E Richard and Cvitas, Tom and Frey, Jeremy G and Holstr{\"o}m, Bertil and Kuchitsu, Kozo and Marquardt, Roberto and Mills, Ian and Pavese, Franco and Quack, Martin and Stohner, J{\"u}ergen and Strauss, Herbert L and Takami, Michio and Thor, Anders J},
	Isbn = {978-0-85404-433-7},
	Pages = {P001-232},
	Publisher = {The Royal Society of Chemistry},
	Title = {Quantities{,} Units and Symbols in Physical Chemistry},
	Url = {http://dx.doi.org/10.1039/9781847557889},
	Year = {2007},
	Bdsk-Url-1 = {http://dx.doi.org/10.1039/9781847557889}}

@article{yordanova2017solute,
	Author = {Yordanova, Denitsa and Ritter, Eric and Gerlach, Thomas and Jensen, Jan-Hendrik and Smirnova, Irina and Jakobtorweihen, Sven},
	Date-Added = {2019-11-20 15:17:48 +0100},
	Date-Modified = {2019-11-20 15:18:47 +0100},
	Doi = {10.1021/acs.jpcb.7b03147},
	Journal = {J. Phys. Chem. B},
	Number = {23},
	Pages = {5794--5809},
	Publisher = {ACS Publications},
	Title = {Solute Partitioning in Micelles: Combining Molecular Dynamics Simulations, COSMOmic, and Experiments},
	Volume = {121},
	Year = {2017},
	Bdsk-Url-1 = {https://doi.org/10.1021/acs.jpcb.7b03147}}

@article{singh2015two,
	Author = {Singh, Gurpreet and Chamberlin, Adam C and Zhekova, Hristina R and Noskov, Sergei Y and Tieleman, D Peter},
	Date-Added = {2019-10-18 14:30:55 +0200},
	Date-Modified = {2019-11-19 13:59:17 +0100},
	Doi = {10.1021/acs.jctc.5b00520},
	Journal = {J. Chem. Theory Comput.},
	Number = {1},
	Pages = {364--371},
	Publisher = {ACS Publications},
	Title = {Two-Dimensional Potentials of Mean Force of Nile Red in Intact and Damaged Model Bilayers. Application to Calculations of Fluorescence Spectra},
	Volume = {12},
	Year = {2015},
	Bdsk-Url-1 = {https://doi.org/10.1021/acs.jctc.5b00520}}

@article{19781,
	Author = {IUPAP},
	Date-Added = {2019-09-22 19:35:07 +0200},
	Date-Modified = {2019-11-20 18:40:36 +0100},
	Doi = {10.1016/0378-4371(78)90209-1},
	Issn = {0378-4371},
	Journal = {Physica A},
	Number = {1--2},
	Pages = {1--60},
	Title = {Symbols, Units and Nomenclature in Physics},
	Url = {http://www.sciencedirect.com/science/article/pii/0378437178902091},
	Volume = {93},
	Year = {1978},
	Bdsk-Url-1 = {http://www.sciencedirect.com/science/article/pii/0378437178902091},
	Bdsk-Url-2 = {https://doi.org/10.1016/0378-4371(78)90209-1}}

@article{weiss2018affinity,
	Author = {Wei{\ss}, R Gregor and Chudoba, Richard and Setny, Piotr and Dzubiella, Joachim},
	Date-Added = {2019-09-22 19:48:16 +0200},
	Date-Modified = {2019-11-19 14:03:10 +0100},
	Doi = {10.1063/1.5025118},
	Journal = {J. Chem. Phys.},
	Number = {9},
	Pages = {094902},
	Publisher = {AIP Publishing},
	Title = {Affinity, Kinetics, and Pathways of Anisotropic Ligands Binding to Hydrophobic Model Pockets},
	Volume = {149},
	Year = {2018},
	Bdsk-Url-1 = {https://doi.org/10.1063/1.5025118}}

@article{laio2002escaping,
	Author = {Laio, Alessandro and Parrinello, Michele},
	Date-Added = {2019-09-22 19:47:25 +0200},
	Date-Modified = {2019-11-20 18:32:39 +0100},
	Doi = {10.1073/pnas.202427399},
	Journal = {Proc. Natl. Acad. Sci. USA},
	Number = {20},
	Pages = {12562--12566},
	Publisher = {National Acad Sciences},
	Title = {Escaping Free-Energy Minima},
	Volume = {99},
	Year = {2002},
	Bdsk-Url-1 = {https://doi.org/10.1073/pnas.202427399}}

@article{neale2014indolicidin,
	Author = {Neale, Chris and Hsu, Jenny CY and Yip, Christopher M and Pom{\`e}s, R{\'e}gis},
	Date-Added = {2019-09-22 19:40:12 +0200},
	Date-Modified = {2019-11-19 13:51:42 +0100},
	Doi = {10.1016/j.bpj.2014.02.031},
	Journal = {Biophys. J.},
	Number = {8},
	Pages = {L29--L31},
	Publisher = {Elsevier},
	Title = {Indolicidin Binding Induces Thinning of a Lipid Bilayer},
	Volume = {106},
	Year = {2014},
	Bdsk-Url-1 = {https://doi.org/10.1016/j.bpj.2014.02.031}}

@inproceedings{kruger2009potential,
	Author = {Kr{\"u}ger, Jens and Fels, Gregor},
	Booktitle = {International Workshop on Portals for Life Sciences},
	Date-Added = {2019-09-22 19:39:00 +0200},
	Date-Modified = {2019-11-19 14:13:34 +0100},
	Series = {CEUR Workshop Proceedings},
	Title = {Potential of Mean Force of Ion Permeation through alpha7 nAChRIon Channel},
	Url = {http://ceur-ws.org/Vol-513/paper06.pdf},
	Volume = {513},
	Year = {2009},
	Bdsk-Url-1 = {http://ceur-ws.org/Vol-513/paper06.pdf}}

@article{sugita2000multidimensional,
	Author = {Sugita, Yuji and Kitao, Akio and Okamoto, Yuko},
	Date-Added = {2019-07-18 17:43:23 +0200},
	Date-Modified = {2019-11-19 13:59:41 +0100},
	Doi = {10.1063/1.1308516},
	Journal = {J. Chem. Phys.},
	Number = {15},
	Pages = {6042--6051},
	Publisher = {AIP},
	Title = {Multidimensional Replica-Exchange Method for Free-Energy Calculations},
	Volume = {113},
	Year = {2000},
	Bdsk-Url-1 = {https://doi.org/10.1063/1.1308516}}

@article{filippini2012association,
	Author = {Filippini, Ga{\"e}lle and Bonal, Christine and Malfreyt, Patrice},
	Date-Added = {2019-07-18 14:44:44 +0200},
	Date-Modified = {2019-11-19 14:12:50 +0100},
	Doi = {10.1039/c2cp41661a},
	Journal = {Phys. Chem. Chem. Phys.},
	Number = {29},
	Pages = {10122--10124},
	Publisher = {Royal Society of Chemistry},
	Title = {Why is the Association of Supramolecular Assemblies Different under Homogeneous and Heterogeneous Conditions?},
	Volume = {14},
	Year = {2012},
	Bdsk-Url-1 = {https://doi.org/10.1039/c2cp41661a}}

@article{del2004cyclodextrins,
	Author = {Del Valle, EM Martin},
	Date-Added = {2019-07-17 09:36:31 +0200},
	Date-Modified = {2019-11-20 18:32:56 +0100},
	Doi = {10.1016/S0032-9592(03)00258-9},
	Journal = {Process Biochem.},
	Number = {9},
	Pages = {1033--1046},
	Publisher = {Elsevier},
	Title = {Cyclodextrins and their Uses: A Review},
	Volume = {39},
	Year = {2004},
	Bdsk-Url-1 = {https://doi.org/10.1016/S0032-9592(03)00258-9}}

@article{pople1999nobel,
	Author = {Pople, John A},
	Date-Added = {2019-07-17 09:34:51 +0200},
	Date-Modified = {2019-11-19 13:55:02 +0100},
	Doi = {10.1103/RevModPhys.71.1267},
	Journal = {Rev. Mod. Phys.},
	Number = {5},
	Pages = {1267},
	Publisher = {APS},
	Title = {Nobel Lecture: Quantum Chemical Models},
	Volume = {71},
	Year = {1999},
	Bdsk-Url-1 = {https://doi.org/10.1103/RevModPhys.71.1267}}

@article{leelananda2016computational,
	Author = {Leelananda, Sumudu P and Lindert, Steffen},
	Date-Added = {2019-07-17 09:34:28 +0200},
	Date-Modified = {2019-11-19 12:01:04 +0100},
	Doi = {10.3762/bjoc.12.267},
	Journal = {Beilstein J. Org. Chem.},
	Number = {1},
	Pages = {2694--2718},
	Publisher = {Beilstein-Institut},
	Title = {Computational Methods in Drug Discovery},
	Volume = {12},
	Year = {2016},
	Bdsk-Url-1 = {https://doi.org/10.3762/bjoc.12.267}}

@article{abraham2015gromacs,
	Author = {Abraham, Mark James and Murtola, Teemu and Schulz, Roland and P{\'a}ll, Szil{\'a}rd and Smith, Jeremy C and Hess, Berk and Lindahl, Erik},
	Date-Added = {2019-07-17 00:20:13 +0200},
	Date-Modified = {2019-11-19 12:06:34 +0100},
	Doi = {10.1016/j.softx.2015.06.001},
	Journal = {SoftwareX},
	Pages = {19--25},
	Publisher = {Elsevier},
	Title = {GROMACS: High Performance Molecular Simulations through Multi-Level Parallelism from Laptops to Supercomputers},
	Volume = {1},
	Year = {2015},
	Bdsk-Url-1 = {https://doi.org/10.1016/j.softx.2015.06.001}}

@misc{umbrellaintgit,
	Date-Modified = {2019-11-19 14:05:59 +0100},
	Howpublished = {\url{https://github.com/martinstroet/umbrella_integration}},
	Note = {Accessed: 2018-01-08},
	Title = {Python Implementation of the Umbrella Integration Method}}

@article{gumbart2012standard,
	Author = {Gumbart, James C and Roux, Beno{\^\i}t and Chipot, Christophe},
	Date-Modified = {2019-11-19 13:41:24 +0100},
	Doi = {10.1021/ct3008099},
	Journal = {J. Chem. Theory Comput.},
	Number = {1},
	Pages = {794--802},
	Publisher = {ACS Publications},
	Title = {Standard Binding Free Energies from Computer Simulations: What is the Best Strategy?},
	Volume = {9},
	Year = {2012},
	Bdsk-Url-1 = {https://doi.org/10.1021/ct3008099}}

@article{pan2017quantitative,
	Author = {Pan, Albert C and Xu, Huafeng and Palpant, Timothy and Shaw, David E},
	Date-Modified = {2019-11-19 13:52:42 +0100},
	Doi = {10.1021/acs.jctc.7b00172},
	Journal = {J. Chem. Theory Comput.},
	Number = {7},
	Pages = {3372--3377},
	Publisher = {ACS Publications},
	Title = {Quantitative Characterization of the Binding and Unbinding of Millimolar Drug Fragments with Molecular Dynamics Simulations},
	Volume = {13},
	Year = {2017},
	Bdsk-Url-1 = {https://doi.org/10.1021/acs.jctc.7b00172}}

@article{boresch2003absolute,
	Author = {Boresch, Stefan and Tettinger, Franz and Leitgeb, Martin and Karplus, Martin},
	Date-Added = {2018-03-30 13:10:49 +0000},
	Date-Modified = {2019-11-20 18:31:09 +0100},
	Doi = {10.1021/jp0217839},
	Journal = {J. Phys. Chem. B},
	Number = {35},
	Pages = {9535--9551},
	Publisher = {ACS Publications},
	Title = {Absolute Binding Free Energies: A Quantitative Approach for their Calculation},
	Volume = {107},
	Year = {2003},
	Bdsk-Url-1 = {https://doi.org/10.1021/jp0217839}}

@article{trzesniak2007comparison,
	Author = {Trzesniak, Daniel and Kunz, Anna-Pitschna E and van Gunsteren, Wilfred F},
	Date-Added = {2018-03-29 17:37:22 +0000},
	Date-Modified = {2019-11-19 14:02:20 +0100},
	Doi = {10.1002/cphc.200600527},
	Journal = {ChemPhysChem},
	Number = {1},
	Pages = {162--169},
	Publisher = {Wiley Online Library},
	Title = {A Comparison of Methods to Compute the Potential of Mean Force},
	Volume = {8},
	Year = {2007},
	Bdsk-Url-1 = {https://doi.org/10.1002/cphc.200600527}}

@article{bacstuug2008potential,
	Author = {Ba{\c{s}}tu{\u{g}}, Turgut and Chen, Po-Chia and Patra, Swarna M and Kuyucak, Serdar},
	Date-Added = {2018-03-29 17:18:41 +0000},
	Date-Modified = {2019-11-19 13:18:38 +0100},
	Doi = {10.1063/1.2904461},
	Journal = {J. Chem. Phys.},
	Number = {15},
	Pages = {155104},
	Publisher = {AIP},
	Title = {Potential of Mean Force Calculations of Ligand Binding to Ion Channels from Jarzynski's Equality and Umbrella Sampling},
	Volume = {128},
	Year = {2008},
	Bdsk-Url-1 = {https://doi.org/10.1063/1.2904461}}

@article{filippini2012energetic,
	Author = {Filippini, Ga{\"e}lle and Goujon, Florent and Bonal, Christine and Malfreyt, Patrice},
	Date-Added = {2018-03-29 17:13:59 +0000},
	Date-Modified = {2019-11-20 18:34:06 +0100},
	Doi = {10.1021/jp3057724},
	Journal = {J. Phys. Chem. C},
	Number = {42},
	Pages = {22350--22358},
	Publisher = {ACS Publications},
	Title = {Energetic Competition Effects on Thermodynamic Properties of Association Between $\beta$-CD and Fc Group: A Potential of Mean Force Approach},
	Volume = {116},
	Year = {2012},
	Bdsk-Url-1 = {https://doi.org/10.1021/jp3057724}}

@article{deng2009computations,
	Author = {Deng, Yuqing and Roux, Beno{\^\i}t},
	Date-Added = {2018-03-29 16:58:07 +0000},
	Date-Modified = {2019-11-19 13:26:02 +0100},
	Doi = {10.1021/jp807701h},
	Journal = {J. Phys. Chem. B},
	Number = {8},
	Pages = {2234--2246},
	Publisher = {ACS Publications},
	Title = {Computations of Standard Binding Free Energies with Molecular Dynamics Simulations},
	Volume = {113},
	Year = {2009},
	Bdsk-Url-1 = {https://doi.org/10.1021/jp807701h}}

@article{velez2013overcoming,
	Author = {Velez-Vega, Camilo and Gilson, Michael K},
	Date-Added = {2018-03-29 16:32:43 +0000},
	Date-Modified = {2019-11-19 14:02:37 +0100},
	Doi = {10.1002/jcc.23398},
	Journal = {J. Comput. Chem.},
	Number = {27},
	Pages = {2360--2371},
	Publisher = {Wiley Online Library},
	Title = {Overcoming Dissipation in the Calculation of Standard Binding Free Energies by Ligand Extraction},
	Volume = {34},
	Year = {2013},
	Bdsk-Url-1 = {https://doi.org/10.1002/jcc.23398}}

@article{velez2012force,
	Author = {Velez-Vega, Camilo and Gilson, Michael K},
	Date-Added = {2018-03-29 16:32:12 +0000},
	Date-Modified = {2019-11-19 14:13:56 +0100},
	Doi = {10.1021/ct2006902},
	Journal = {J. Chem. Theory Comput.},
	Number = {3},
	Pages = {966--976},
	Publisher = {ACS Publications},
	Title = {Force and Stress along Simulated Dissociation Pathways of Cucurbituril--Guest Systems},
	Volume = {8},
	Year = {2012},
	Bdsk-Url-1 = {https://doi.org/10.1021/ct2006902}}

@article{shirts2008statistically,
	Author = {Shirts, Michael R and Chodera, John D},
	Date-Added = {2018-01-18 13:13:28 +0000},
	Date-Modified = {2019-11-19 13:58:26 +0100},
	Doi = {10.1063/1.2978177},
	Journal = {J. Chem. Phys.},
	Number = {12},
	Pages = {124105},
	Publisher = {AIP},
	Title = {Statistically Optimal Analysis of Samples from Multiple Equilibrium States},
	Volume = {129},
	Year = {2008},
	Bdsk-Url-1 = {https://doi.org/10.1063/1.2978177}}

@article{kastner2006analysis,
	Author = {K{\"a}stner, Johannes and Thiel, Walter},
	Date-Added = {2018-01-18 13:12:21 +0000},
	Date-Modified = {2019-11-19 13:46:41 +0100},
	Doi = {10.1063/1.2206775},
	Journal = {J. Chem. Phys.},
	Number = {23},
	Pages = {234106},
	Publisher = {AIP},
	Title = {Analysis of the Statistical Error in Umbrella Sampling Simulations by Umbrella Integration},
	Volume = {124},
	Year = {2006},
	Bdsk-Url-1 = {https://doi.org/10.1063/1.2206775}}

@article{kastner2005bridging,
	Author = {K{\"a}stner, Johannes and Thiel, Walter},
	Date-Added = {2018-01-18 13:11:44 +0000},
	Date-Modified = {2019-11-19 13:46:59 +0100},
	Doi = {10.1063/1.2052648},
	Journal = {J. Chem. Phys.},
	Number = {14},
	Pages = {144104},
	Publisher = {AIP},
	Title = {Bridging the Gap Between Thermodynamic Integration and Umbrella Sampling Provides a Novel Analysis Method: ``Umbrella Integration''},
	Volume = {123},
	Year = {2005},
	Bdsk-Url-1 = {https://doi.org/10.1063/1.2052648}}

@article{roux1995calculation,
	Author = {Roux, Beno{\^\i}t},
	Date-Added = {2018-01-18 13:08:29 +0000},
	Date-Modified = {2019-11-19 13:57:21 +0100},
	Doi = {10.1016/0010-4655(95)00053-I},
	Journal = {Comput. Phys. Commun.},
	Number = {1-3},
	Pages = {275--282},
	Publisher = {Elsevier},
	Title = {The Calculation of the Potential of Mean Force Using Computer Simulations},
	Volume = {91},
	Year = {1995},
	Bdsk-Url-1 = {https://doi.org/10.1016/0010-4655(95)00053-I}}

@article{kumar1992weighted,
	Author = {Kumar, Shankar and Rosenberg, John M and Bouzida, Djamal and Swendsen, Robert H and Kollman, Peter A},
	Date-Modified = {2019-11-19 13:49:29 +0100},
	Doi = {10.1002/jcc.540130812},
	Journal = {J. Comput. Chem.},
	Number = {8},
	Pages = {1011--1021},
	Publisher = {Wiley Online Library},
	Title = {The Weighted Histogram Analysis Method for Free-Energy Calculations on Biomolecules. I. The Method},
	Volume = {13},
	Year = {1992},
	Bdsk-Url-1 = {https://doi.org/10.1002/jcc.540130812}}

@article{ferrenberg1989ferrenberg,
	Author = {Ferrenberg, Alan M and Swendsen, Robert H},
	Date-Added = {2018-01-18 13:05:46 +0000},
	Date-Modified = {2019-11-19 13:26:51 +0100},
	Doi = {10.1103/PhysRevLett.63.1195},
	Journal = {Phys. Rev. Lett.},
	Number = {12},
	Pages = {1195--1198},
	Title = {Optimized Monte Carlo Data Analysis},
	Volume = {63},
	Year = {1989},
	Bdsk-Url-1 = {https://doi.org/10.1103/PhysRevLett.63.1195}}

@article{yin2015toward,
	Author = {Yin, Jian and Fenley, Andrew T and Henriksen, Niel M and Gilson, Michael K},
	Date-Added = {2017-11-28 16:35:22 +0000},
	Date-Modified = {2019-11-19 14:13:45 +0100},
	Doi = {10.1021/acs.jpcb.5b04262},
	Journal = {J. Phys. Chem. B},
	Number = {32},
	Pages = {10145--10155},
	Publisher = {ACS Publications},
	Title = {Toward Improved Force-Field Accuracy through Sensitivity Analysis of Host-Guest Binding Thermodynamics},
	Volume = {119},
	Year = {2015},
	Bdsk-Url-1 = {https://doi.org/10.1021/acs.jpcb.5b04262}}

@article{rocklin2013calculating,
	Author = {Rocklin, Gabriel J and Mobley, David L and Dill, Ken A},
	Date-Added = {2017-11-28 16:33:35 +0000},
	Date-Modified = {2019-11-19 13:56:48 +0100},
	Doi = {10.1021/ct400315q},
	Journal = {J. Chem. Theory Comput.},
	Number = {7},
	Pages = {3072--3083},
	Publisher = {ACS Publications},
	Title = {Calculating the Sensitivity and Robustness of Binding Free Energy Calculations to Force Field Parameters},
	Volume = {9},
	Year = {2013},
	Bdsk-Url-1 = {https://doi.org/10.1021/ct400315q}}

@article{christ2010basic,
	Author = {Christ, Clara D and Mark, Alan E and van Gunsteren, Wilfred F},
	Date-Added = {2017-11-28 13:37:14 +0000},
	Date-Modified = {2019-11-20 18:31:27 +0100},
	Doi = {10.1002/jcc.21450},
	Journal = {J. Comput. Chem.},
	Number = {8},
	Pages = {1569--1582},
	Publisher = {Wiley Online Library},
	Title = {Basic Ingredients of Free Energy Calculations: A Review},
	Volume = {31},
	Year = {2010},
	Bdsk-Url-1 = {https://doi.org/10.1002/jcc.21450}}

@article{baumketner2009removing,
	Author = {Baumketner, Andrij},
	Date-Added = {2017-11-21 08:33:29 +0000},
	Date-Modified = {2019-11-19 13:20:15 +0100},
	Doi = {10.1063/1.3081138},
	Journal = {J. Chem. Phys.},
	Number = {10},
	Pages = {104106},
	Publisher = {AIP},
	Title = {Removing Systematic Errors in Interionic Potentials of Mean Force Computed in Molecular Simulations Using Reaction-Field-Based Electrostatics},
	Volume = {130},
	Year = {2009},
	Bdsk-Url-1 = {https://doi.org/10.1063/1.3081138}}

@article{hub2010g_wham,
	Author = {Hub, Jochen S and De Groot, Bert L and Van Der Spoel, David},
	Date-Added = {2017-11-21 08:32:49 +0000},
	Date-Modified = {2019-11-19 13:44:36 +0100},
	Doi = {10.1021/ct100494z},
	Journal = {J. Chem. Theory Comput.},
	Number = {12},
	Pages = {3713--3720},
	Publisher = {ACS Publications},
	Title = {g\_wham - a Free Weighted Histogram Analysis Implementation Including Robust Error and Autocorrelation Estimates},
	Volume = {6},
	Year = {2010},
	Bdsk-Url-1 = {https://doi.org/10.1021/ct100494z}}

@article{allen2006molecular,
	Author = {Allen, Toby W and Andersen, Olaf S and Roux, Benoit},
	Date-Added = {2017-11-21 08:32:14 +0000},
	Date-Modified = {2019-11-19 12:08:44 +0100},
	Doi = {10.1016/j.bpc.2006.04.015},
	Journal = {Biophys. Chem.},
	Number = {3},
	Pages = {251--267},
	Publisher = {Elsevier},
	Title = {Molecular Dynamics---Potential of Mean Force Calculations as a Tool for Understanding Ion Permeation and Selectivity in Narrow Channels},
	Volume = {124},
	Year = {2006},
	Bdsk-Url-1 = {https://doi.org/10.1016/j.bpc.2006.04.015}}

@article{allen2006ion,
	Author = {Allen, Toby W and Andersen, Olaf S and Roux, Benoit},
	Date-Added = {2017-11-21 08:31:45 +0000},
	Date-Modified = {2019-11-19 14:13:29 +0100},
	Doi = {10.1529/biophysj.105.077073},
	Journal = {Biophys. J.},
	Number = {10},
	Pages = {3447--3468},
	Publisher = {Elsevier},
	Title = {Ion Permeation through a Narrow Channel: Using Gramicidin to Ascertain All-Atom Molecular Dynamics Potential of Mean Force Methodology and Biomolecular Force Fields},
	Volume = {90},
	Year = {2006},
	Bdsk-Url-1 = {https://doi.org/10.1529/biophysj.105.077073}}

@article{doudou2009standard,
	Author = {Doudou, Slimane and Burton, Neil A and Henchman, Richard H},
	Date-Added = {2017-11-21 08:28:06 +0000},
	Date-Modified = {2019-11-19 13:26:21 +0100},
	Doi = {10.1021/ct8002354},
	Journal = {J. Chem. Theory Comput.},
	Number = {4},
	Pages = {909--918},
	Publisher = {ACS Publications},
	Title = {Standard Free Energy of Binding from a One-Dimensional Potential of Mean Force},
	Volume = {5},
	Year = {2009},
	Bdsk-Url-1 = {https://doi.org/10.1021/ct8002354}}

@article{woo2005calculation,
	Author = {Woo, Hyung-June and Roux, Beno{\^\i}t},
	Date-Added = {2017-11-21 08:27:32 +0000},
	Date-Modified = {2019-11-20 18:33:15 +0100},
	Doi = {10.1073/pnas.0409005102},
	Journal = {Proc. Natl. Acad. Sci. USA},
	Number = {19},
	Pages = {6825--6830},
	Publisher = {National Acad Sciences},
	Title = {Calculation of Absolute Protein--Ligand Binding Free Energy from Computer Simulations},
	Volume = {102},
	Year = {2005},
	Bdsk-Url-1 = {https://doi.org/10.1073/pnas.0409005102}}

@article{markthaler2017molecular,
	Author = {Markthaler, Daniel and Gebhardt, Julia and Jakobtorweihen, Sven and Hansen, Niels},
	Date-Added = {2017-11-21 08:21:07 +0000},
	Date-Modified = {2019-11-19 13:50:26 +0100},
	Doi = {10.1002/cite.201700057},
	Journal = {Chem. Ing. Tech.},
	Number = {10},
	Pages = {1306--1314},
	Publisher = {Wiley Online Library},
	Title = {Molecular Simulations of Thermodynamic Properties for the System $\alpha$-Cyclodextrin/Alcohol in Aqueous Solution},
	Volume = {89},
	Year = {2017},
	Bdsk-Url-1 = {https://doi.org/10.1002/cite.201700057}}

@article{kunz2012new,
	Author = {Kunz, A.E. and Allison, J.R. and Geerke, D.P. and Horta, B.A.C. and H{\"u}nenberger, P.H. and Riniker, S. and Schmid, N. and van Gunsteren, W.F.},
	Date-Added = {2018-04-30 09:25:14 +0000},
	Date-Modified = {2019-11-19 13:49:41 +0100},
	Doi = {10.1002/jcc.21954},
	Journal = {J. Comput. Chem.},
	Number = {3},
	Pages = {340--353},
	Publisher = {Wiley Online Library},
	Title = {New Functionalities in the \uppercase{GROMOS} Biomolecular Simulation Software},
	Volume = {33},
	Year = {2012},
	Bdsk-Url-1 = {https://doi.org/10.1002/jcc.21954}}

@article{riniker2011calculation,
	Author = {Riniker, S. and Christ, C.D. and Hansen, H.S. and H{\"u}nenberger, P.H. and Oostenbrink, C. and Steiner, D. and van Gunsteren, W.F.},
	Date-Added = {2018-04-30 09:24:24 +0000},
	Date-Modified = {2019-11-19 13:56:27 +0100},
	Doi = {10.1021/jp204303a},
	Journal = {J. Phys. Chem. B},
	Number = {46},
	Pages = {13570--13577},
	Publisher = {ACS Publications},
	Title = {Calculation of Relative Free Energies for Ligand-Protein Binding, Solvation, and Conformational Transitions Using the \uppercase{GROMOS} Software},
	Volume = {115},
	Year = {2011},
	Bdsk-Url-1 = {https://doi.org/10.1021/jp204303a}}

@article{schmid2012architecture,
	Author = {Schmid, N. and Christ, C.D. and Christen, M. and Eichenberger, A.P. and van Gunsteren, W.F.},
	Date-Added = {2018-04-30 09:24:52 +0000},
	Date-Modified = {2019-11-19 13:58:02 +0100},
	Doi = {10.1016/j.cpc.2011.12.014},
	Journal = {Comput. Phys. Commun.},
	Number = {4},
	Pages = {890--903},
	Publisher = {Elsevier},
	Title = {Architecture, Implementation and Parallelisation of the \uppercase{GROMOS} Software for Biomolecular Simulation},
	Volume = {183},
	Year = {2012},
	Bdsk-Url-1 = {https://doi.org/10.1016/j.cpc.2011.12.014}}

@article{hess2008gromacs,
	Author = {Hess, B. and Kutzner, C. and van der Spoel, D. and Lindahl, E.},
	Date-Added = {2018-04-30 09:39:15 +0000},
	Date-Modified = {2019-11-19 13:43:34 +0100},
	Doi = {10.1021/ct700301q},
	Journal = {J. Chem. Theory Comput.},
	Number = {3},
	Pages = {435--447},
	Publisher = {ACS Publications},
	Title = {\uppercase{GROMACS 4:} Algorithms for Highly Efficient, Load-Balanced, and Scalable Molecular Simulation},
	Volume = {4},
	Year = {2008},
	Bdsk-Url-1 = {https://doi.org/10.1021/ct700301q}}

@article{berendsen1995gromacs,
	Author = {Berendsen, H.J.C. and van der Spoel, D. and van Drunen, R.},
	Date-Added = {2018-04-30 09:37:59 +0000},
	Date-Modified = {2019-11-19 13:22:19 +0100},
	Doi = {10.1016/0010-4655(95)00042-E},
	Journal = {Comput. Phys. Commun.},
	Number = {1-3},
	Pages = {43--56},
	Publisher = {Elsevier},
	Title = {\uppercase{GROMACS:} A Message-Passing Parallel Molecular Dynamics Implementation},
	Volume = {91},
	Year = {1995},
	Bdsk-Url-1 = {https://doi.org/10.1016/0010-4655(95)00042-E}}

@article{schmid2011definition,
	Author = {Schmid, N. and Eichenberger, A.P. and Choutko, A. and Riniker, S. and Winger, M. and Mark, A.E. and van Gunsteren, W.F.},
	Date-Added = {2018-04-30 09:35:47 +0000},
	Date-Modified = {2019-11-19 13:58:13 +0100},
	Doi = {10.1007/s00249-011-0700-9},
	Journal = {Eur. Biophys. J.},
	Number = {7},
	Pages = {843},
	Publisher = {Springer},
	Title = {Definition and Testing of the \uppercase{GROMOS} Force-Field Versions 54\uppercase{A}7 and 54\uppercase{B}7},
	Volume = {40},
	Year = {2011},
	Bdsk-Url-1 = {https://doi.org/10.1007/s00249-011-0700-9}}

@incollection{berendsen1981interaction,
	Address = {Dordrecht, the Netherlands},
	Author = {Berendsen, H.J.C. and Postma, J.P.M. and van Gunsteren, W.F. and Hermans, J.},
	Booktitle = {Intermolecular Forces},
	Date-Modified = {2019-11-19 13:22:35 +0100},
	Doi = {10.1007/978-94-015-7658-1_21},
	Editor = {B. Pullmann},
	Pages = {331-342},
	Publisher = {Reidel},
	Title = {Interaction Models for Water in Relation to Protein Hydration},
	Year = {1981},
	Bdsk-Url-1 = {https://doi.org/10.1007/978-94-015-7658-1_21}}

@article{pol2012gromos,
	Author = {Pol-Fachin, Laercio and Rusu, Victor H and Verli, Hugo and Lins, Roberto D},
	Date-Modified = {2019-11-19 13:54:53 +0100},
	Doi = {10.1021/ct300479h},
	Journal = {J. Chem. Theory Comput.},
	Number = {11},
	Pages = {4681--4690},
	Publisher = {ACS Publications},
	Title = {GROMOS 53A6GLYC, an Improved GROMOS Force Field for Hexopyranose-Based Carbohydrates},
	Volume = {8},
	Year = {2012},
	Bdsk-Url-1 = {https://doi.org/10.1021/ct300479h}}

@article{tribello2014plumed,
	Author = {Tribello, Gareth A and Bonomi, Massimiliano and Branduardi, Davide and Camilloni, Carlo and Bussi, Giovanni},
	Date-Modified = {2019-11-19 14:02:07 +0100},
	Doi = {10.1016/j.cpc.2013.09.018},
	Journal = {Comput. Phys. Commun.},
	Number = {2},
	Pages = {604--613},
	Publisher = {Elsevier},
	Title = {PLUMED 2: New Feathers for an Old Bird},
	Volume = {185},
	Year = {2014},
	Bdsk-Url-1 = {https://doi.org/10.1016/j.cpc.2013.09.018}}

@article{berendsen1984molecular,
	Author = {Berendsen, H.J.C. and Postma, J.P.M. and van Gunsteren, W.F. and Di Nola, A. and Haak, J.R.},
	Date-Added = {2018-04-30 09:51:44 +0000},
	Date-Modified = {2019-11-19 13:22:48 +0100},
	Doi = {10.1063/1.448118},
	Journal = {J. Chem. Phys.},
	Number = {8},
	Pages = {3684--3690},
	Publisher = {AIP},
	Title = {Molecular Dynamics with Coupling to an External Bath},
	Volume = {81},
	Year = {1984},
	Bdsk-Url-1 = {https://doi.org/10.1063/1.448118}}

@article{martyna1996explicit,
	Author = {Martyna, G.J. and Tuckerman, M.E. and Tobias, D.J. and Klein, M.L.},
	Date-Added = {2018-04-30 10:01:18 +0000},
	Date-Modified = {2019-11-19 13:50:40 +0100},
	Doi = {10.1080/00268979600100761},
	Journal = {Mol. Phys.},
	Number = {5},
	Pages = {1117--1157},
	Publisher = {Taylor \& Francis},
	Title = {Explicit Reversible Integrators for Extended Systems Dynamics},
	Volume = {87},
	Year = {1996},
	Bdsk-Url-1 = {https://doi.org/10.1080/00268979600100761}}

@article{hoover1985canonical,
	Author = {Hoover, W.G.},
	Date-Added = {2018-04-30 10:00:52 +0000},
	Date-Modified = {2019-11-19 13:44:15 +0100},
	Doi = {10.1103/PhysRevA.31.1695},
	Journal = {Phys. Rev. A},
	Number = {3},
	Pages = {1695},
	Publisher = {APS},
	Title = {Canonical Dynamics: Equilibrium Phase-Space Distributions},
	Volume = {31},
	Year = {1985},
	Bdsk-Url-1 = {https://doi.org/10.1103/PhysRevA.31.1695}}

@article{nose1984molecular,
	Author = {Nos{\'e}, S.},
	Date-Added = {2018-04-30 09:59:24 +0000},
	Date-Modified = {2019-11-19 13:51:56 +0100},
	Doi = {10.1080/00268978400101201},
	Journal = {Mol. Phys.},
	Number = {2},
	Pages = {255--268},
	Publisher = {Taylor \& Francis},
	Title = {A Molecular Dynamics Method for Simulations in the Canonical Ensemble},
	Volume = {52},
	Year = {1984},
	Bdsk-Url-1 = {https://doi.org/10.1080/00268978400101201}}

@article{nose1983constant,
	Author = {Nos{\'e}, S. and Klein, M.L.},
	Date-Added = {2018-04-30 10:02:22 +0000},
	Date-Modified = {2019-11-19 13:52:07 +0100},
	Doi = {10.1080/00268978300102851},
	Journal = {Mol. Phys.},
	Number = {5},
	Pages = {1055--1076},
	Publisher = {Taylor \& Francis},
	Title = {Constant Pressure Molecular Dynamics for Molecular Systems},
	Volume = {50},
	Year = {1983},
	Bdsk-Url-1 = {https://doi.org/10.1080/00268978300102851}}

@article{parrinello1981polymorphic,
	Author = {Parrinello, M. and Rahman, A.},
	Date-Added = {2018-04-30 10:01:57 +0000},
	Date-Modified = {2019-11-20 18:36:29 +0100},
	Doi = {10.1063/1.328693},
	Journal = {J. Appl. Phys.},
	Number = {12},
	Pages = {7182--7190},
	Publisher = {AIP},
	Title = {Polymorphic Transitions in Single Crystals: A New Molecular Dynamics Method},
	Volume = {52},
	Year = {1981},
	Bdsk-Url-1 = {https://doi.org/10.1063/1.328693}}

@article{hess2008p,
	Author = {Hess, B.},
	Date-Added = {2018-04-30 10:09:14 +0000},
	Date-Modified = {2019-11-20 18:35:47 +0100},
	Doi = {10.1021/ct700200b},
	Journal = {J. Chem. Theory Comput.},
	Number = {1},
	Pages = {116--122},
	Publisher = {ACS Publications},
	Title = {\uppercase{P-LINCS:} A Parallel Linear Constraint Solver for Molecular Simulation},
	Volume = {4},
	Year = {2008},
	Bdsk-Url-1 = {https://doi.org/10.1021/ct700200b}}

@article{hess1997lincs,
	Author = {Hess, B. and Bekker, H. and Berendsen, H.J.C. and Fraaije, J.G.E.M.},
	Date-Added = {2018-04-30 10:08:06 +0000},
	Date-Modified = {2019-11-20 18:35:58 +0100},
	Doi = {10.1002/(SICI)1096-987X(199709)18:12<1463::AID-JCC4>3.0.CO;2-H},
	Journal = {J. Comput. Chem.},
	Number = {12},
	Pages = {1463--1472},
	Publisher = {Citeseer},
	Title = {\uppercase{LINCS:} A Linear Constraint Solver for Molecular Simulations},
	Volume = {18},
	Year = {1997},
	Bdsk-Url-1 = {https://doi.org/10.1002/(SICI)1096-987X(199709)18:12%3C1463::AID-JCC4%3E3.0.CO;2-H}}

@article{miyamoto1992settle,
	Author = {Miyamoto, S. and Kollman, P.A.},
	Date-Added = {2018-04-30 10:07:48 +0000},
	Date-Modified = {2019-11-20 18:36:12 +0100},
	Doi = {10.1002/jcc.540130805},
	Journal = {J. Comput. Chem.},
	Number = {8},
	Pages = {952--962},
	Publisher = {Wiley Online Library},
	Title = {Settle: An Analytical Version of the SHAKE and RATTLE Algorithm for Rigid Water Models},
	Volume = {13},
	Year = {1992},
	Bdsk-Url-1 = {https://doi.org/10.1002/jcc.540130805}}

@article{pall2013flexible,
	Author = {P{\'a}ll, S. and Hess, B.},
	Date-Added = {2018-04-30 10:10:31 +0000},
	Date-Modified = {2019-11-19 13:52:23 +0100},
	Doi = {10.1016/j.cpc.2013.06.003},
	Journal = {Comput. Phys. Commun.},
	Number = {12},
	Pages = {2641--2650},
	Publisher = {Elsevier},
	Title = {A Flexible Algorithm for Calculating Pair Interactions on \uppercase{SIMD} Architectures},
	Volume = {184},
	Year = {2013},
	Bdsk-Url-1 = {https://doi.org/10.1016/j.cpc.2013.06.003}}

@article{essmann1995smooth,
	Author = {Essmann, U. and Perera, L. and Berkowitz, M.L. and Darden, T. and Lee, H. and Pedersen, L.G.},
	Date-Added = {2018-04-30 10:11:42 +0000},
	Date-Modified = {2019-11-19 13:26:42 +0100},
	Doi = {10.1063/1.470117},
	Journal = {J. Chem. Phys.},
	Number = {19},
	Pages = {8577--8593},
	Publisher = {AIP},
	Title = {A Smooth Particle Mesh \uppercase{E}wald Method},
	Volume = {103},
	Year = {1995},
	Bdsk-Url-1 = {https://doi.org/10.1063/1.470117}}

@article{darden1993particle,
	Author = {Darden, T. and York, D. and Pedersen, L.},
	Date-Added = {2018-04-30 10:10:56 +0000},
	Date-Modified = {2019-11-20 18:35:22 +0100},
	Doi = {10.1063/1.464397},
	Journal = {J. Chem. Phys.},
	Number = {12},
	Pages = {10089--10092},
	Publisher = {AIP},
	Title = {Particle Mesh \uppercase{E}wald: An \uppercase{N} log(\uppercase{N}) Method for \uppercase{E}wald Sums in Large Systems},
	Volume = {98},
	Year = {1993},
	Bdsk-Url-1 = {https://doi.org/10.1063/1.464397}}

@book{eastwood1981computer,
	Author = {Eastwood, J.W. and Hockney, R.W.},
	Date-Added = {2018-06-19 15:56:52 +0000},
	Date-Modified = {2019-11-19 13:26:32 +0100},
	Journal = {N. Y.: McGraw-Hill},
	Publisher = {N. Y.: McGraw-Hill},
	Title = {Computer Simulation Using Particles},
	Year = {1981}}

@article{barker1973monte,
	Author = {Barker, JA and Watts, RO},
	Date-Modified = {2019-11-19 13:18:54 +0100},
	Doi = {10.1080/00268977300102101},
	Journal = {Mol. Phys.},
	Number = {3},
	Pages = {789--792},
	Publisher = {Taylor \& Francis},
	Title = {Monte Carlo Studies of the Dielectric Properties of Water-Like Models},
	Volume = {26},
	Year = {1973},
	Bdsk-Url-1 = {https://doi.org/10.1080/00268977300102101}}

@article{billeter2000computer,
	Author = {Billeter, SR and van Gunsteren, WF},
	Date-Modified = {2019-11-19 13:23:02 +0100},
	Doi = {10.1021/jp994127q},
	Journal = {J. Phys. Chem. A},
	Number = {15},
	Pages = {3276--3286},
	Publisher = {ACS Publications},
	Title = {Computer Simulation of Proton Transfers of Small Acids in Water},
	Volume = {104},
	Year = {2000},
	Bdsk-Url-1 = {https://doi.org/10.1021/jp994127q}}

@misc{pymbargit,
	Date-Modified = {2019-11-19 14:06:10 +0100},
	Howpublished = {\url{https://github.com/choderalab/pymbar}},
	Note = {Accessed: 2018-01-08},
	Title = {Python Implementation of the Multistate Bennett Acceptance Ratio}}

@article{baz2018insights,
	Author = {Baz, J{\"o}rg and Gebhardt, Julia and Kraus, Hamzeh and Markthaler, Daniel and Hansen, Niels},
	Date-Modified = {2019-11-19 13:21:16 +0100},
	Doi = {10.1002/cite.201800050},
	Journal = {Chem. Ing. Tech.},
	Number = {11},
	Pages = {1864--1875},
	Publisher = {Wiley Online Library},
	Title = {Insights into Noncovalent Binding Obtained from Molecular Dynamics Simulations},
	Volume = {90},
	Year = {2018},
	Bdsk-Url-1 = {https://doi.org/10.1002/cite.201800050}}

@article{gilson1997statistical,
	Author = {Gilson, Michael K and Given, James A and Bush, Bruce L and McCammon, J Andrew},
	Date-Modified = {2019-11-19 13:39:23 +0100},
	Doi = {10.1016/S0006-3495(97)78756-3},
	Journal = {Biophys. J.},
	Number = {3},
	Pages = {1047--1069},
	Publisher = {Elsevier},
	Title = {The Statistical-Thermodynamic Basis for Computation of Binding Affinities: a Critical Review},
	Volume = {72},
	Year = {1997},
	Bdsk-Url-1 = {https://doi.org/10.1016/S0006-3495(97)78756-3}}

@article{zhou2009theory,
	Author = {Zhou, Huan-Xiang and Gilson, Michael K},
	Date-Modified = {2019-11-19 14:04:58 +0100},
	Doi = {10.1021/cr800551w},
	Journal = {Chem. Rev.},
	Number = {9},
	Pages = {4092--4107},
	Publisher = {ACS Publications},
	Title = {Theory of Free Energy and Entropy in Noncovalent Binding},
	Volume = {109},
	Year = {2009},
	Bdsk-Url-1 = {https://doi.org/10.1021/cr800551w}}

@article{torrie1974monte,
	Author = {Torrie, Glenn M and Valleau, John P},
	Date-Modified = {2019-11-19 14:01:40 +0100},
	Doi = {10.1016/0009-2614(74)80109-0},
	Journal = {Chem. Phys. Lett.},
	Number = {4},
	Pages = {578--581},
	Publisher = {Elsevier},
	Title = {Monte Carlo Free Energy Estimates Using Non-Boltzmann Sampling: Application to the Sub-critical Lennard-Jones Fluid},
	Volume = {28},
	Year = {1974},
	Bdsk-Url-1 = {https://doi.org/10.1016/0009-2614(74)80109-0}}

@article{torrie1977nonphysical,
	Author = {Torrie, Glenn M and Valleau, John P},
	Date-Modified = {2019-11-19 14:01:53 +0100},
	Doi = {10.1016/0021-9991(77)90121-8},
	Journal = {J. Comput. Phys.},
	Number = {2},
	Pages = {187--199},
	Publisher = {Elsevier},
	Title = {Nonphysical Sampling Distributions in Monte Carlo Free-Energy Estimation: Umbrella Sampling},
	Volume = {23},
	Year = {1977},
	Bdsk-Url-1 = {https://doi.org/10.1016/0021-9991(77)90121-8}}

@article{allen2009forward,
	Author = {Allen, Rosalind J and Valeriani, Chantal and ten Wolde, Pieter Rein},
	Date-Modified = {2019-11-19 12:08:12 +0100},
	Doi = {10.1088/0953-8984/21/46/463102},
	Journal = {J. Phys. Condens. Matter},
	Number = {46},
	Pages = {463102},
	Publisher = {IOP Publishing},
	Title = {Forward Flux Sampling for Rare Event Simulations},
	Volume = {21},
	Year = {2009},
	Bdsk-Url-1 = {https://doi.org/10.1088/0953-8984/21/46/463102}}

@article{darve2008adaptive,
	Author = {Darve, Eric and Rodr{\'\i}guez-G{\'o}mez, David and Pohorille, Andrew},
	Date-Modified = {2019-11-19 13:25:36 +0100},
	Doi = {10.1063/1.2829861},
	Journal = {J. Chem. Phys.},
	Number = {14},
	Pages = {144120},
	Publisher = {AIP},
	Title = {Adaptive Biasing Force Method for Scalar and Vector Free Energy Calculations},
	Volume = {128},
	Year = {2008},
	Bdsk-Url-1 = {https://doi.org/10.1063/1.2829861}}

@article{isralewitz2001steered_1,
	Author = {Isralewitz, Barry and Gao, Mu and Schulten, Klaus},
	Date-Modified = {2019-11-19 14:17:12 +0100},
	Doi = {10.1016/S0959-440X(00)00194-9},
	Journal = {Curr Opin Cell Biol},
	Number = {2},
	Pages = {224--230},
	Publisher = {Elsevier},
	Title = {Steered Molecular Dynamics and Mechanical Functions of Proteins},
	Volume = {11},
	Year = {2001},
	Bdsk-Url-1 = {https://doi.org/10.1016/S0959-440X(00)00194-9}}

@article{mobley2017predicting,
	Author = {Mobley, David L and Gilson, Michael K},
	Date-Modified = {2019-11-19 13:51:13 +0100},
	Doi = {10.1146/annurev-biophys-070816-033654},
	Journal = {Annu. Rev. Biophys.},
	Pages = {531--558},
	Publisher = {Annual Reviews},
	Title = {Predicting Binding Free Energies: Frontiers and Benchmarks},
	Volume = {46},
	Year = {2017},
	Bdsk-Url-1 = {https://doi.org/10.1146/annurev-biophys-070816-033654}}

@article{kirkwood1935statistical,
	Author = {Kirkwood, John G},
	Date-Modified = {2019-11-19 13:47:27 +0100},
	Doi = {10.1063/1.1749657},
	Journal = {J. Chem. Phys.},
	Number = {5},
	Pages = {300--313},
	Publisher = {AIP},
	Title = {Statistical Mechanics of Fluid Mixtures},
	Volume = {3},
	Year = {1935},
	Bdsk-Url-1 = {https://doi.org/10.1063/1.1749657}}

@article{zwanzig1954high,
	Author = {Zwanzig, Robert W},
	Date-Modified = {2019-11-19 14:05:49 +0100},
	Doi = {10.1063/1.1740409},
	Journal = {J. Chem. Phys.},
	Number = {8},
	Pages = {1420--1426},
	Publisher = {AIP},
	Title = {High-Temperature Equation of State by a Perturbation Method. I. Nonpolar Gases},
	Volume = {22},
	Year = {1954},
	Bdsk-Url-1 = {https://doi.org/10.1063/1.1740409}}

@article{gebhardt2016calculation,
	Author = {Gebhardt, Julia and Hansen, Niels},
	Date-Modified = {2019-11-19 13:32:34 +0100},
	Doi = {10.1016/j.fluid.2016.02.001},
	Journal = {Fluid Phase Equilib.},
	Pages = {1--17},
	Publisher = {Elsevier},
	Title = {Calculation of Binding Affinities for Linear Alcohols to $\alpha$-Cyclodextrin by Twin-System Enveloping Distribution Sampling Simulations},
	Volume = {422},
	Year = {2016},
	Bdsk-Url-1 = {https://doi.org/10.1016/j.fluid.2016.02.001}}

@article{zuckerman2011equilibrium,
	Author = {Zuckerman, Daniel M},
	Date-Modified = {2019-11-19 14:05:06 +0100},
	Doi = {10.1146/annurev-biophys-042910-155255},
	Journal = {Annu. Rev. Biophys.},
	Number = {1},
	Pages = {41--62},
	Publisher = {Annual Reviews},
	Title = {Equilibrium Sampling in Biomolecular Simulations},
	Volume = {40},
	Year = {2011},
	Bdsk-Url-1 = {https://doi.org/10.1146/annurev-biophys-042910-155255}}

@article{sun2018molecular,
	Author = {Sun, Rui and Han, Yining and Swanson, Jessica MJ and Tan, Jeffrey S and Rose, John P and Voth, Gregory A},
	Date-Modified = {2019-11-19 14:13:39 +0100},
	Doi = {10.1063/1.5027004},
	Journal = {J. Chem. Phys.},
	Number = {7},
	Pages = {072310},
	Publisher = {AIP Publishing},
	Title = {Molecular Transport through Membranes: Accurate Permeability Coefficients from Multidimensional Potentials of Mean Force and Local Diffusion Constants},
	Volume = {149},
	Year = {2018},
	Bdsk-Url-1 = {https://doi.org/10.1063/1.5027004}}

@article{general2010note,
	Author = {General, Ignacio J},
	Date-Modified = {2019-11-19 13:33:11 +0100},
	Doi = {10.1021/ct100255z},
	Journal = {J. Chem. Theory Comput.},
	Number = {8},
	Pages = {2520--2524},
	Publisher = {ACS Publications},
	Title = {A Note on the Standard State's Binding Free Energy},
	Volume = {6},
	Year = {2010},
	Bdsk-Url-1 = {https://doi.org/10.1021/ct100255z}}

@article{hermans1997inclusion,
	Author = {Hermans, Jan and Wang, LU},
	Date-Modified = {2019-11-19 13:43:10 +0100},
	Doi = {10.1021/ja963568+},
	Journal = {J. Am. Chem. Soc.},
	Number = {11},
	Pages = {2707--2714},
	Publisher = {ACS Publications},
	Title = {Inclusion of Loss of Translational and Rotational Freedom in Theoretical Estimates of Free Energies of Binding. Application to a Complex of Benzene and Mutant T4 Lysozyme},
	Volume = {119},
	Year = {1997},
	Bdsk-Url-1 = {https://doi.org/10.1021/ja963568+}}

@article{steinberg1963entropy,
	Author = {Steinberg, Izchak Z and Scheraga, Harold A},
	Date-Modified = {2019-11-19 13:59:28 +0100},
	Journal = {J. Biol. Chem.},
	Number = {1},
	Pages = {172--181},
	Publisher = {ASBMB},
	Title = {Entropy Changes Accompanying Association Reactions of Proteins},
	Url = {http://www.jbc.org/content/238/1/172.short},
	Volume = {238},
	Year = {1963},
	Bdsk-Url-1 = {http://www.jbc.org/content/238/1/172.short}}

@article{silva2018impact,
	Author = {Silva, Tom{\'a}s FD and Vila-Vi{\c{c}}osa, Diogo and Reis, Pedro BPS and Victor, Bruno L and Diem, Matthias and Oostenbrink, Chris and Machuqueiro, Miguel},
	Date-Modified = {2019-11-19 13:58:48 +0100},
	Doi = {10.1021/acs.jctc.8b00758},
	Journal = {J. Chem. Theory Comput.},
	Number = {11},
	Pages = {5823--5833},
	Publisher = {ACS Publications},
	Title = {The Impact of Using Single Atomistic Long-Range Cutoff Schemes with the GROMOS 54A7 Force Field},
	Volume = {14},
	Year = {2018},
	Bdsk-Url-1 = {https://doi.org/10.1021/acs.jctc.8b00758}}

@article{gonccalves2019influence,
	Author = {Gon{\c{c}}alves, Yan MH and Senac, Caroline and Fuchs, Patrick Fran{\c{c}}ois Jimi and H{\"u}nenberger, Philippe Henry and Horta, Bruno AC},
	Date-Modified = {2019-11-19 13:41:03 +0100},
	Doi = {10.1021/acs.jctc.8b00425},
	Journal = {J. Chem. Theory Comput.},
	Number = {3},
	Pages = {1806--1826},
	Publisher = {ACS Publications},
	Title = {Influence of the Treatment of Non-Bonded Interactions on Thermodynamic and Transport Properties of Pure Liquids Calculated Using the 2016H66 Force Field},
	Volume = {15},
	Year = {2019},
	Bdsk-Url-1 = {https://doi.org/10.1021/acs.jctc.8b00425}}

@article{reisser2017real,
	Author = {Rei{\ss}er, Sabine and Poger, David and Stroet, Martin and Mark, Alan E},
	Date-Modified = {2019-11-20 18:34:31 +0100},
	Doi = {10.1021/acs.jctc.7b00178},
	Journal = {J. Chem. Theory Comput.},
	Number = {6},
	Pages = {2367--2372},
	Publisher = {ACS Publications},
	Title = {Real Cost of Speed: The Effect of a Time-Saving Multiple-Time-Stepping Algorithm on the Accuracy of Molecular Dynamics Simulations},
	Volume = {13},
	Year = {2017},
	Bdsk-Url-1 = {https://doi.org/10.1021/acs.jctc.7b00178}}

@article{loeffler2018reproducibility,
	Author = {Loeffler, Hannes H and Bosisio, Stefano and Duarte Ramos Matos, Guilherme and Suh, Donghyuk and Roux, Benoit and Mobley, David L and Michel, Julien},
	Date-Modified = {2019-11-20 18:34:42 +0100},
	Doi = {10.1021/acs.jctc.8b00544},
	Journal = {J. Chem. Theory Comput.},
	Number = {11},
	Pages = {5567--5582},
	Publisher = {ACS Publications},
	Title = {Reproducibility of Free Energy Calculations across Different Molecular Simulation Software Packages},
	Volume = {14},
	Year = {2018},
	Bdsk-Url-1 = {https://doi.org/10.1021/acs.jctc.8b00544}}

@article{you2019potential,
	Author = {You, Wanli and Tang, Zhiye and Chang, Chia-en A},
	Date-Modified = {2019-11-19 14:20:20 +0100},
	Doi = {10.1021/acs.jctc.8b01142},
	Journal = {J. Chem. Theory Comput.},
	Number = {4},
	Pages = {2433-2443},
	Publisher = {ACS Publications},
	Title = {Potential Mean Force from Umbrella Sampling Simulations: What can We Learn and What is Missed?},
	Volume = {15},
	Year = {2019},
	Bdsk-Url-1 = {https://doi.org/10.1021/acs.jctc.8b01142}}

@article{konig2012predicting,
	Author = {K{\"o}nig, Gerhard and Brooks, Bernard R},
	Date-Modified = {2019-11-20 18:31:46 +0100},
	Doi = {10.1007/s10822-011-9525-y},
	Journal = {J. Comput. Aided Mol. Des.},
	Number = {5},
	Pages = {543--550},
	Publisher = {Springer},
	Title = {Predicting Binding Affinities of Host-Guest Systems in the SAMPL3 Blind Challenge: The Performance of Relative Free Energy Calculations},
	Volume = {26},
	Year = {2012},
	Bdsk-Url-1 = {https://doi.org/10.1007/s10822-011-9525-y}}

@article{zuiderweg1985determination,
	Author = {Zuiderweg, Erik RP and Scheek, Ruud M and Boelens, Rolf and van Gunsteren, Wilfred F and Kaptein, Robert},
	Date-Modified = {2019-11-20 18:36:42 +0100},
	Doi = {10.1016/S0300-9084(85)80158-9},
	Journal = {Biochimie},
	Number = {7-8},
	Pages = {707--715},
	Publisher = {Elsevier},
	Title = {Determination of Protein Structures from Nuclear Magnetic Resonance Data Using a Restrained Molecular Dynamics Approach: The Lac Repressor DNA Binding Domain},
	Volume = {67},
	Year = {1985},
	Bdsk-Url-1 = {https://doi.org/10.1016/S0300-9084(85)80158-9}}

@article{ryckaert1977numerical,
	Author = {Ryckaert, Jean-Paul and Ciccotti, Giovanni and Berendsen, Herman JC},
	Date-Modified = {2019-11-19 13:57:49 +0100},
	Doi = {10.1016/0021-9991(77)90098-5},
	Journal = {J. Comput. Phys.},
	Number = {3},
	Pages = {327--341},
	Publisher = {Elsevier},
	Title = {Numerical Integration of the Cartesian Equations of Motion of a System with Constraints: Molecular Dynamics of N-Alkanes},
	Volume = {23},
	Year = {1977},
	Bdsk-Url-1 = {https://doi.org/10.1016/0021-9991(77)90098-5}}

@article{heinz2001comparison,
	Author = {Heinz, Tim N and van Gunsteren, Wilfred F and H{\"u}nenberger, Philippe H},
	Date-Modified = {2019-11-19 13:42:36 +0100},
	Doi = {10.1063/1.1379764},
	Journal = {J. Chem. Phys.},
	Number = {3},
	Pages = {1125--1136},
	Publisher = {AIP},
	Title = {Comparison of Four Methods to Compute the Dielectric Permittivity of Liquids from Molecular Dynamics Simulations},
	Volume = {115},
	Year = {2001},
	Bdsk-Url-1 = {https://doi.org/10.1063/1.1379764}}

@article{kell1967precise,
	Author = {Kell, GS},
	Date-Modified = {2019-11-19 13:47:16 +0100},
	Doi = {10.1021/je60032a018},
	Journal = {J. Chem. Eng. Data},
	Number = {1},
	Pages = {66--69},
	Publisher = {ACS Publications},
	Title = {Precise Representation of Volume Properties of Water at One Atmosphere},
	Volume = {12},
	Year = {1967},
	Bdsk-Url-1 = {https://doi.org/10.1021/je60032a018}}

@article{mobley2006use,
	Author = {Mobley, David L and Chodera, John D and Dill, Ken A},
	Date-Modified = {2019-11-19 13:51:30 +0100},
	Doi = {10.1063/1.2221683},
	Journal = {J. Chem. Phys.},
	Number = {8},
	Pages = {084902},
	Publisher = {AIP},
	Title = {On the Use of Orientational Restraints and Symmetry Corrections in Alchemical Free Energy Calculations},
	Volume = {125},
	Year = {2006},
	Bdsk-Url-1 = {https://doi.org/10.1063/1.2221683}}

@article{pohorille2010good,
	Author = {Pohorille, Andrew and Jarzynski, Christopher and Chipot, Christophe},
	Date-Modified = {2019-11-19 13:53:26 +0100},
	Doi = {10.1021/jp102971x},
	Journal = {J. Phys. Chem. B},
	Number = {32},
	Pages = {10235--10253},
	Publisher = {ACS Publications},
	Title = {Good Practices in Free-Energy Calculations},
	Volume = {114},
	Year = {2010},
	Bdsk-Url-1 = {https://doi.org/10.1021/jp102971x}}

@article{papadourakis2018blinded,
	Author = {Papadourakis, Michail and Bosisio, Stefano and Michel, Julien},
	Date-Modified = {2019-11-19 13:53:02 +0100},
	Doi = {10.1007/s1082},
	Journal = {J. Comput. Aided Mol. Des.},
	Number = {10},
	Pages = {1047--1058},
	Publisher = {Springer},
	Title = {Blinded Predictions of Standard Binding Free Energies: Lessons Learned from the SAMPL6 Challenge},
	Volume = {32},
	Year = {2018},
	Bdsk-Url-1 = {https://doi.org/10.1007/s1082}}

@article{aaqvist2017cold,
	Author = {{\AA}qvist, Johan},
	Date-Modified = {2019-11-19 13:17:51 +0100},
	Doi = {10.1021/acs.biochem.7b00523},
	Journal = {Biochemistry},
	Number = {32},
	Pages = {4169--4176},
	Publisher = {ACS Publications},
	Title = {Cold Adaptation of Triosephosphate Isomerase},
	Volume = {56},
	Year = {2017},
	Bdsk-Url-1 = {https://doi.org/10.1021/acs.biochem.7b00523}}

@article{reif2011computation,
	Author = {Reif, Maria M and H{\"u}nenberger, Philippe H},
	Date-Modified = {2019-11-19 13:55:37 +0100},
	Doi = {10.1063/1.3567022},
	Journal = {J. Chem. Phys.},
	Number = {14},
	Pages = {144104},
	Publisher = {AIP},
	Title = {Computation of Methodology-Independent Single-Ion Solvation Properties from Molecular Simulations. IV. Optimized Lennard-Jones Interaction Parameter Sets for the Alkali and Halide Ions in Water},
	Volume = {134},
	Year = {2011},
	Bdsk-Url-1 = {https://doi.org/10.1063/1.3567022}}

@article{gebhardt2018validation,
	Author = {Gebhardt, Julia and Kleist, Catharina and Jakobtorweihen, Sven and Hansen, Niels},
	Date-Modified = {2019-11-19 13:32:52 +0100},
	Doi = {10.1021/acs.jpcb.7b11808},
	Journal = {J. Phys. Chem. B},
	Number = {5},
	Pages = {1608--1626},
	Publisher = {ACS Publications},
	Title = {Validation and Comparison of Force Fields for Native Cyclodextrins in Aqueous Solution},
	Volume = {122},
	Year = {2018},
	Bdsk-Url-1 = {https://doi.org/10.1021/acs.jpcb.7b11808}}

@article{tirado2006contribution,
	Author = {Tirado-Rives, Julian and Jorgensen, William L},
	Date-Modified = {2019-11-19 14:00:39 +0100},
	Doi = {10.1021/jm060763i},
	Journal = {J. Med. Chem.},
	Number = {20},
	Pages = {5880--5884},
	Publisher = {ACS Publications},
	Title = {Contribution of Conformer Focusing to the Uncertainty in Predicting Free Energies for Protein-Ligand Binding},
	Volume = {49},
	Year = {2006},
	Bdsk-Url-1 = {https://doi.org/10.1021/jm060763i}}

@article{gilson2013correction,
	Author = {Gilson, Michael K and Irikura, Karl K},
	Date-Modified = {2019-11-19 13:40:00 +0100},
	Doi = {10.1021/jp401194k},
	Journal = {J. Phys. Chem. B},
	Number = {10},
	Pages = {3061--3061},
	Publisher = {ACS Publications},
	Title = {Correction to ``Symmetry Numbers for Rigid, Flexible, and Fluxional Molecules: Theory and Applications''},
	Volume = {117},
	Year = {2013},
	Bdsk-Url-1 = {https://doi.org/10.1021/jp401194k}}

@article{van2006biomolecular,
	Author = {van Gunsteren, Wilfred F and Bakowies, Dirk and Baron, Riccardo and Chandrasekhar, Indira and Christen, Markus and Daura, Xavier and Gee, Peter and Geerke, Daan P and Gl{\"a}ttli, Alice and H{\"u}nenberger, Philippe H and Kastenholz, Mika A and Oostenbrink, Chris and Schenk, Merijn and Trzesniak, Daniel and van der Vegt, Nico F. A. and Yu, Haibo B.},
	Date-Modified = {2019-11-19 13:42:17 +0100},
	Doi = {10.1002/anie.200502655},
	Journal = {Angew. Chem. Int. Ed.},
	Number = {25},
	Pages = {4064--4092},
	Publisher = {Wiley Online Library},
	Title = {Biomolecular Modeling: Goals, Problems, Perspectives},
	Volume = {45},
	Year = {2006},
	Bdsk-Url-1 = {https://doi.org/10.1002/anie.200502655}}

@article{wong2016good,
	Author = {Wong-ekkabut, Jirasak and Karttunen, Mikko},
	Date-Modified = {2019-11-19 14:03:24 +0100},
	Doi = {10.1016/j.bbamem.2016.02.004},
	Journal = {Biochim. Biophys. Acta},
	Number = {10},
	Pages = {2529--2538},
	Publisher = {Elsevier},
	Title = {The Good, the Bad and the User in Soft Matter Simulations},
	Volume = {1858},
	Year = {2016},
	Bdsk-Url-1 = {https://doi.org/10.1016/j.bbamem.2016.02.004}}

@article{huber1994local,
	Author = {Huber, Thomas and Torda, Andrew E and Van Gunsteren, Wilfred F},
	Date-Modified = {2019-11-20 18:32:20 +0100},
	Doi = {10.1007/BF00124016},
	Journal = {J. Comput. Aided Mol. Des.},
	Number = {6},
	Pages = {695--708},
	Publisher = {Springer},
	Title = {Local Elevation: A Method for Improving the Searching Properties of Molecular Dynamics Simulation},
	Volume = {8},
	Year = {1994},
	Bdsk-Url-1 = {https://doi.org/10.1007/BF00124016}}

@article{flood2019atomistic,
	Author = {Flood, Emelie and Boiteux, C{\'e}line and Lev, Bogdan and Vorobyov, Igor and Allen, Toby W},
	Doi = {10.1021/acs.chemrev.8b00630},
	Journal = {Chem. Rev.},
	Publisher = {ACS Publications},
	Title = {Atomistic Simulations of Membrane Ion Channel Conduction, Gating, and Modulation},
	Year = {2019},
	Bdsk-Url-1 = {https://doi.org/10.1021/acs.chemrev.8b00630}}

@article{iupac1983symbols,
	Author = {IUPAC-IUB},
	Date-Modified = {2019-11-19 13:46:12 +0100},
	Doi = {10.1111/j.1432-1033.1983.tb07224.x},
	Journal = {Eur. J. Biochem.},
	Pages = {5--7},
	Title = {Symbols for Specifying the Conformation of Polysaccharide Chains, Recommendations 1981},
	Volume = {131},
	Year = {1983},
	Bdsk-Url-1 = {https://doi.org/10.1111/j.1432-1033.1983.tb07224.x}}
