%% This BibTeX bibliography file was created using BibDesk.
%% http://bibdesk.sourceforge.net/


%% Created for Daniel Markthaler at 2019-07-18 17:43:56 +0200 


%% Saved with string encoding Unicode (UTF-8) 



@article{sugita2000multidimensional,
	Author = {Sugita, Yuji and Kitao, Akio and Okamoto, Yuko},
	Date-Added = {2019-07-18 17:43:23 +0200},
	Date-Modified = {2019-07-18 17:43:23 +0200},
	Journal = {J. Chem. Phys.},
	Number = {15},
	Pages = {6042--6051},
	Publisher = {AIP},
	Title = {Multidimensional replica-exchange method for free-energy calculations},
	Volume = {113},
  Doi = {10.1063/1.1308516},
	Year = {2000}}

@article{filippini2012association,
	Author = {Filippini, Ga{\"e}lle and Bonal, Christine and Malfreyt, Patrice},
	Date-Added = {2019-07-18 14:44:44 +0200},
	Date-Modified = {2019-07-18 14:44:44 +0200},
	Doi = {10.1039/c2cp41661a},
	Journal = {Phys. Chem. Chem. Phys.},
	Number = {29},
	Pages = {10122--10124},
	Publisher = {Royal Society of Chemistry},
	Title = {Why is the association of supramolecular assemblies different under homogeneous and heterogeneous conditions?},
	Volume = {14},
	Year = {2012},
	Bdsk-Url-1 = {https://doi.org/10.1039/c2cp41661a}}

@article{del2004cyclodextrins,
	Author = {Del Valle, EM Martin},
	Date-Added = {2019-07-17 09:36:31 +0200},
	Date-Modified = {2019-07-17 09:36:31 +0200},
	Doi = {10.1016/S0032-9592(03)00258-9},
	Journal = {Process Biochem.},
	Number = {9},
	Pages = {1033--1046},
	Publisher = {Elsevier},
	Title = {Cyclodextrins and their uses: a review},
	Volume = {39},
	Year = {2004},
	Bdsk-Url-1 = {https://doi.org/10.1016/S0032-9592(03)00258-9}}

@article{pople1999nobel,
	Author = {Pople, John A},
	Date-Added = {2019-07-17 09:34:51 +0200},
	Date-Modified = {2019-07-17 09:34:51 +0200},
	Doi = {10.1103/RevModPhys.71.1267},
	Journal = {Rev. Mod. Phys.},
	Number = {5},
	Pages = {1267},
	Publisher = {APS},
	Title = {Nobel lecture: Quantum chemical models},
	Volume = {71},
	Year = {1999},
	Bdsk-Url-1 = {https://doi.org/10.1103/RevModPhys.71.1267}}

@article{leelananda2016computational,
	Author = {Leelananda, Sumudu P and Lindert, Steffen},
	Date-Added = {2019-07-17 09:34:28 +0200},
	Date-Modified = {2019-07-17 09:34:28 +0200},
	Doi = {10.3762/bjoc.12.267},
	Journal = {Beilstein J. Org. Chem.},
	Number = {1},
	Pages = {2694--2718},
	Publisher = {Beilstein-Institut},
	Title = {Computational methods in drug discovery},
	Volume = {12},
	Year = {2016},
	Bdsk-Url-1 = {https://doi.org/10.3762/bjoc.12.267}}

@article{abraham2015gromacs,
	Author = {Abraham, Mark James and Murtola, Teemu and Schulz, Roland and P{\'a}ll, Szil{\'a}rd and Smith, Jeremy C and Hess, Berk and Lindahl, Erik},
	Date-Added = {2019-07-17 00:20:13 +0200},
	Date-Modified = {2019-07-17 00:20:13 +0200},
	Doi = {10.1016/j.softx.2015.06.001},
	Journal = {SoftwareX},
	Pages = {19--25},
	Publisher = {Elsevier},
	Title = {GROMACS: High performance molecular simulations through multi-level parallelism from laptops to supercomputers},
	Volume = {1},
	Year = {2015},
	Bdsk-Url-1 = {https://doi.org/10.1016/j.softx.2015.06.001}}

@misc{umbrellaintgit,
  title = {Python implementation of the umbrella integration method},
  howpublished = {\url{https://github.com/martinstroet/umbrella_integration}},
  note = {Accessed: 2018-01-08}}

@article{gumbart2012standard,
	Author = {Gumbart, James C and Roux, Beno{\^\i}t and Chipot, Christophe},
	Doi = {10.1021/ct3008099},
	Journal = {J. Chem. Theory Comput.},
	Number = {1},
	Pages = {794--802},
	Publisher = {ACS Publications},
	Title = {Standard binding free energies from computer simulations: what is the best strategy?},
	Volume = {9},
	Year = {2012},
	Bdsk-Url-1 = {https://doi.org/10.1021/ct3008099}}

@article{pan2017quantitative,
	Author = {Pan, Albert C and Xu, Huafeng and Palpant, Timothy and Shaw, David E},
	Doi = {10.1021/acs.jctc.7b00172},
	Journal = {J. Chem. Theory Comput.},
	Number = {7},
	Pages = {3372--3377},
	Publisher = {ACS Publications},
	Title = {Quantitative characterization of the binding and unbinding of millimolar drug fragments with molecular dynamics simulations},
	Volume = {13},
	Year = {2017},
	Bdsk-Url-1 = {https://doi.org/10.1021/acs.jctc.7b00172}}

@article{boresch2003absolute,
	Author = {Boresch, Stefan and Tettinger, Franz and Leitgeb, Martin and Karplus, Martin},
	Date-Added = {2018-03-30 13:10:49 +0000},
	Date-Modified = {2018-03-30 13:10:49 +0000},
	Doi = {10.1021/jp0217839},
	Journal = {J. Phys. Chem. B},
	Number = {35},
	Pages = {9535--9551},
	Publisher = {ACS Publications},
	Title = {Absolute binding free energies: a quantitative approach for their calculation},
	Volume = {107},
	Year = {2003},
	Bdsk-Url-1 = {https://doi.org/10.1021/jp0217839}}

@article{trzesniak2007comparison,
	Author = {Trzesniak, Daniel and Kunz, Anna-Pitschna E and van Gunsteren, Wilfred F},
	Date-Added = {2018-03-29 17:37:22 +0000},
	Date-Modified = {2018-03-29 17:37:22 +0000},
	Doi = {10.1002/cphc.200600527},
	Journal = {ChemPhysChem},
	Number = {1},
	Pages = {162--169},
	Publisher = {Wiley Online Library},
	Title = {A comparison of methods to compute the potential of mean force},
	Volume = {8},
	Year = {2007},
	Bdsk-Url-1 = {https://doi.org/10.1002/cphc.200600527}}

@article{bacstuug2008potential,
	Author = {Ba{\c{s}}tu{\u{g}}, Turgut and Chen, Po-Chia and Patra, Swarna M and Kuyucak, Serdar},
	Date-Added = {2018-03-29 17:18:41 +0000},
	Date-Modified = {2018-03-29 17:18:41 +0000},
	Doi = {10.1063/1.2904461},
	Journal = {J. Chem. Phys.},
	Number = {15},
	Pages = {155104},
	Publisher = {AIP},
	Title = {Potential of mean force calculations of ligand binding to ion channels from Jarzynski's equality and Umbrella Sampling},
	Volume = {128},
	Year = {2008},
	Bdsk-Url-1 = {https://doi.org/10.1063/1.2904461}}

@article{filippini2012energetic,
	Author = {Filippini, Ga{\"e}lle and Goujon, Florent and Bonal, Christine and Malfreyt, Patrice},
	Date-Added = {2018-03-29 17:13:59 +0000},
	Date-Modified = {2018-03-29 17:13:59 +0000},
	Doi = {10.1021/jp3057724},
	Journal = {J. Phys. Chem. C},
	Number = {42},
	Pages = {22350--22358},
	Publisher = {ACS Publications},
	Title = {Energetic competition effects on thermodynamic properties of association between $\beta$-CD and Fc group: a potential of mean force approach},
	Volume = {116},
	Year = {2012},
	Bdsk-Url-1 = {https://doi.org/10.1021/jp3057724}}

@article{deng2009computations,
	Author = {Deng, Yuqing and Roux, Beno{\^\i}t},
	Date-Added = {2018-03-29 16:58:07 +0000},
	Date-Modified = {2018-03-29 16:58:07 +0000},
	Doi = {10.1021/jp807701h},
	Journal = {J. Phys. Chem. B},
	Number = {8},
	Pages = {2234--2246},
	Publisher = {ACS Publications},
	Title = {Computations of standard binding free energies with molecular dynamics simulations},
	Volume = {113},
	Year = {2009},
	Bdsk-Url-1 = {https://doi.org/10.1021/jp807701h}}

@article{velez2013overcoming,
	Author = {Velez-Vega, Camilo and Gilson, Michael K},
	Date-Added = {2018-03-29 16:32:43 +0000},
	Date-Modified = {2018-03-29 16:32:43 +0000},
	Doi = {10.1002/jcc.23398},
	Journal = {J. Comput. Chem.},
	Number = {27},
	Pages = {2360--2371},
	Publisher = {Wiley Online Library},
	Title = {Overcoming dissipation in the calculation of standard binding free energies by ligand extraction},
	Volume = {34},
	Year = {2013},
	Bdsk-Url-1 = {https://doi.org/10.1002/jcc.23398}}

@article{velez2012force,
	Author = {Velez-Vega, Camilo and Gilson, Michael K},
	Date-Added = {2018-03-29 16:32:12 +0000},
	Date-Modified = {2018-03-29 16:32:12 +0000},
	Doi = {10.1021/ct2006902},
	Journal = {J. Chem. Theory Comput.},
	Number = {3},
	Pages = {966--976},
	Publisher = {ACS Publications},
	Title = {Force and stress along simulated dissociation pathways of cucurbituril--guest systems},
	Volume = {8},
	Year = {2012},
	Bdsk-Url-1 = {https://doi.org/10.1021/ct2006902}}

@article{shirts2008statistically,
	Author = {Shirts, Michael R and Chodera, John D},
	Date-Added = {2018-01-18 13:13:28 +0000},
	Date-Modified = {2018-01-18 13:13:28 +0000},
	Doi = {10.1063/1.2978177},
	Journal = {J. Chem. Phys.},
	Number = {12},
	Pages = {124105},
	Publisher = {AIP},
	Title = {Statistically optimal analysis of samples from multiple equilibrium states},
	Volume = {129},
	Year = {2008},
	Bdsk-Url-1 = {https://doi.org/10.1063/1.2978177}}

@article{kastner2006analysis,
	Author = {K{\"a}stner, Johannes and Thiel, Walter},
	Date-Added = {2018-01-18 13:12:21 +0000},
	Date-Modified = {2018-01-18 13:12:21 +0000},
	Doi = {10.1063/1.2206775},
	Journal = {J. Chem. Phys.},
	Number = {23},
	Pages = {234106},
	Publisher = {AIP},
	Title = {Analysis of the statistical error in Umbrella Sampling simulations by Umbrella Integration},
	Volume = {124},
	Year = {2006},
	Bdsk-Url-1 = {https://doi.org/10.1063/1.2206775}}

@article{kastner2005bridging,
	Author = {K{\"a}stner, Johannes and Thiel, Walter},
	Date-Added = {2018-01-18 13:11:44 +0000},
	Date-Modified = {2018-01-18 13:11:44 +0000},
	Doi = {10.1063/1.2052648},
	Journal = {J. Chem. Phys.},
	Number = {14},
	Pages = {144104},
	Publisher = {AIP},
	Title = {Bridging the gap between thermodynamic integration and Umbrella Sampling provides a novel analysis method: ``Umbrella Integration''},
	Volume = {123},
	Year = {2005},
	Bdsk-Url-1 = {https://doi.org/10.1063/1.2052648}}

@article{roux1995calculation,
	Author = {Roux, Beno{\^\i}t},
	Date-Added = {2018-01-18 13:08:29 +0000},
	Date-Modified = {2018-01-18 13:08:29 +0000},
	Doi = {10.1016/0010-4655(95)00053-I},
	Journal = {Comput. Phys. Commun.},
	Number = {1-3},
	Pages = {275--282},
	Publisher = {Elsevier},
	Title = {The calculation of the potential of mean force using computer simulations},
	Volume = {91},
	Year = {1995},
	Bdsk-Url-1 = {https://doi.org/10.1016/0010-4655(95)00053-I}}

@article{kumar1992weighted,
	Author = {Kumar, Shankar and Rosenberg, John M and Bouzida, Djamal and Swendsen, Robert H and Kollman, Peter A},
	Doi = {10.1002/jcc.540130812},
	Journal = {J. Comput. Chem.},
	Number = {8},
	Pages = {1011--1021},
	Publisher = {Wiley Online Library},
	Title = {The weighted histogram analysis method for free-energy calculations on biomolecules. I. The method},
	Volume = {13},
	Year = {1992},
	Bdsk-Url-1 = {https://doi.org/10.1002/jcc.540130812}}

@article{ferrenberg1989ferrenberg,
	Author = {Ferrenberg, Alan M and Swendsen, Robert H},
	Date-Added = {2018-01-18 13:05:46 +0000},
	Date-Modified = {2018-01-18 13:05:46 +0000},
	Doi = {10.1103/PhysRevLett.63.1195},
	Journal = {Phys. Rev. Lett.},
	Number = {12},
	Pages = {1195--1198},
	Title = {Optimized Monte Carlo data analysis},
	Volume = {63},
	Year = {1989},
	Bdsk-Url-1 = {https://doi.org/10.1103/PhysRevLett.63.1195}}

@article{yin2015toward,
	Author = {Yin, Jian and Fenley, Andrew T and Henriksen, Niel M and Gilson, Michael K},
	Date-Added = {2017-11-28 16:35:22 +0000},
	Date-Modified = {2017-11-28 16:35:22 +0000},
	Doi = {10.1021/acs.jpcb.5b04262},
	Journal = {J. Phys. Chem. B},
	Number = {32},
	Pages = {10145--10155},
	Publisher = {ACS Publications},
	Title = {Toward improved force-field accuracy through sensitivity analysis of host-guest binding thermodynamics},
	Volume = {119},
	Year = {2015},
	Bdsk-Url-1 = {https://doi.org/10.1021/acs.jpcb.5b04262}}

@article{rocklin2013calculating,
	Author = {Rocklin, Gabriel J and Mobley, David L and Dill, Ken A},
	Date-Added = {2017-11-28 16:33:35 +0000},
	Date-Modified = {2017-11-28 16:33:35 +0000},
	Doi = {10.1021/ct400315q},
	Journal = {J. Chem. Theory Comput.},
	Number = {7},
	Pages = {3072--3083},
	Publisher = {ACS Publications},
	Title = {Calculating the sensitivity and robustness of binding free energy calculations to force field parameters},
	Volume = {9},
	Year = {2013},
	Bdsk-Url-1 = {https://doi.org/10.1021/ct400315q}}

@article{christ2010basic,
	Author = {Christ, Clara D and Mark, Alan E and van Gunsteren, Wilfred F},
	Date-Added = {2017-11-28 13:37:14 +0000},
	Date-Modified = {2017-11-28 13:37:14 +0000},
	Doi = {10.1002/jcc.21450},
	Journal = {J. Comput. Chem.},
	Number = {8},
	Pages = {1569--1582},
	Publisher = {Wiley Online Library},
	Title = {Basic ingredients of free energy calculations: a review},
	Volume = {31},
	Year = {2010},
	Bdsk-Url-1 = {https://doi.org/10.1002/jcc.21450}}

@article{baumketner2009removing,
	Author = {Baumketner, Andrij},
	Date-Added = {2017-11-21 08:33:29 +0000},
	Date-Modified = {2017-11-21 08:33:29 +0000},
	Doi = {10.1063/1.3081138},
	Journal = {J. Chem. Phys.},
	Number = {10},
	Pages = {104106},
	Publisher = {AIP},
	Title = {Removing systematic errors in interionic potentials of mean force computed in molecular simulations using reaction-field-based electrostatics},
	Volume = {130},
	Year = {2009},
	Bdsk-Url-1 = {https://doi.org/10.1063/1.3081138}}

@article{hub2010g_wham,
	Author = {Hub, Jochen S and De Groot, Bert L and Van Der Spoel, David},
	Date-Added = {2017-11-21 08:32:49 +0000},
	Date-Modified = {2019-01-15 17:16:03 +0100},
	Doi = {10.1021/ct100494z},
	Journal = {J. Chem. Theory Comput.},
	Number = {12},
	Pages = {3713--3720},
	Publisher = {ACS Publications},
	Title = {g\_wham - a free weighted histogram analysis implementation including robust error and autocorrelation estimates},
	Volume = {6},
	Year = {2010},
	Bdsk-Url-1 = {https://doi.org/10.1021/ct100494z}}

@article{allen2006molecular,
	Author = {Allen, Toby W and Andersen, Olaf S and Roux, Benoit},
	Date-Added = {2017-11-21 08:32:14 +0000},
	Date-Modified = {2017-11-21 08:32:14 +0000},
	Doi = {10.1016/j.bpc.2006.04.015},
	Journal = {Biophys. Chem.},
	Number = {3},
	Pages = {251--267},
	Publisher = {Elsevier},
	Title = {Molecular dynamics---potential of mean force calculations as a tool for understanding ion permeation and selectivity in narrow channels},
	Volume = {124},
	Year = {2006},
	Bdsk-Url-1 = {https://doi.org/10.1016/j.bpc.2006.04.015}}

@article{allen2006ion,
	Author = {Allen, Toby W and Andersen, Olaf S and Roux, Benoit},
	Date-Added = {2017-11-21 08:31:45 +0000},
	Date-Modified = {2017-11-21 08:31:45 +0000},
	Doi = {10.1529/biophysj.105.077073},
	Journal = {Biophys. J.},
	Number = {10},
	Pages = {3447--3468},
	Publisher = {Elsevier},
	Title = {Ion permeation through a narrow channel: using gramicidin to ascertain all-atom molecular dynamics potential of mean force methodology and biomolecular force fields},
	Volume = {90},
	Year = {2006},
	Bdsk-Url-1 = {https://doi.org/10.1529/biophysj.105.077073}}

@article{doudou2009standard,
	Author = {Doudou, Slimane and Burton, Neil A and Henchman, Richard H},
	Date-Added = {2017-11-21 08:28:06 +0000},
	Date-Modified = {2017-11-21 08:28:06 +0000},
	Doi = {10.1021/ct8002354},
	Journal = {J. Chem. Theory Comput.},
	Number = {4},
	Pages = {909--918},
	Publisher = {ACS Publications},
	Title = {Standard free energy of binding from a one-dimensional potential of mean force},
	Volume = {5},
	Year = {2009},
	Bdsk-Url-1 = {https://doi.org/10.1021/ct8002354}}

@article{woo2005calculation,
	Author = {Woo, Hyung-June and Roux, Beno{\^\i}t},
	Date-Added = {2017-11-21 08:27:32 +0000},
	Date-Modified = {2017-11-21 08:27:32 +0000},
	Doi = {10.1073/pnas.0409005102},
	Journal = {Proc. Natl. Acad. Sci.},
	Number = {19},
	Pages = {6825--6830},
	Publisher = {National Acad Sciences},
	Title = {Calculation of absolute protein--ligand binding free energy from computer simulations},
	Volume = {102},
	Year = {2005},
	Bdsk-Url-1 = {https://doi.org/10.1073/pnas.0409005102}}

@article{markthaler2017molecular,
	Author = {Markthaler, Daniel and Gebhardt, Julia and Jakobtorweihen, Sven and Hansen, Niels},
	Date-Added = {2017-11-21 08:21:07 +0000},
	Date-Modified = {2017-11-21 08:21:07 +0000},
	Doi = {10.1002/cite.201700057},
	Journal = {Chem. Ing. Tech.},
	Number = {10},
	Pages = {1306--1314},
	Publisher = {Wiley Online Library},
	Title = {Molecular simulations of thermodynamic properties for the system $\alpha$-cyclodextrin/alcohol in aqueous solution},
	Volume = {89},
	Year = {2017},
	Bdsk-Url-1 = {https://doi.org/10.1002/cite.201700057}}

@article{kunz2012new,
	Author = {Kunz, A.E. and Allison, J.R. and Geerke, D.P. and Horta, B.A.C. and H{\"u}nenberger, P.H. and Riniker, S. and Schmid, N. and van Gunsteren, W.F.},
	Date-Added = {2018-04-30 09:25:14 +0000},
	Date-Modified = {2018-10-07 17:14:50 +0200},
	Doi = {10.1002/jcc.21954},
	Journal = {J. Comput. Chem.},
	Number = {3},
	Pages = {340--353},
	Publisher = {Wiley Online Library},
	Title = {New functionalities in the \uppercase{GROMOS} biomolecular simulation software},
	Volume = {33},
	Year = {2012},
	Bdsk-Url-1 = {https://doi.org/10.1002/jcc.21954}}

@article{riniker2011calculation,
	Author = {Riniker, S. and Christ, C.D. and Hansen, H.S. and H{\"u}nenberger, P.H. and Oostenbrink, C. and Steiner, D. and van Gunsteren, W.F.},
	Date-Added = {2018-04-30 09:24:24 +0000},
	Date-Modified = {2018-10-07 17:20:51 +0200},
	Doi = {10.1021/jp204303a},
	Journal = {J. Phys. Chem. B},
	Number = {46},
	Pages = {13570--13577},
	Publisher = {ACS Publications},
	Title = {Calculation of relative free energies for ligand-protein binding, solvation, and conformational transitions using the \uppercase{GROMOS} software},
	Volume = {115},
	Year = {2011},
	Bdsk-Url-1 = {https://doi.org/10.1021/jp204303a}}

@article{schmid2012architecture,
	Author = {Schmid, N. and Christ, C.D. and Christen, M. and Eichenberger, A.P. and van Gunsteren, W.F.},
	Date-Added = {2018-04-30 09:24:52 +0000},
	Date-Modified = {2018-10-07 17:21:21 +0200},
	Doi = {10.1016/j.cpc.2011.12.014},
	Journal = {Comput. Phys. Commun.},
	Number = {4},
	Pages = {890--903},
	Publisher = {Elsevier},
	Title = {Architecture, implementation and parallelisation of the \uppercase{GROMOS} software for biomolecular simulation},
	Volume = {183},
	Year = {2012},
	Bdsk-Url-1 = {https://doi.org/10.1016/j.cpc.2011.12.014}}

@article{hess2008gromacs,
	Author = {Hess, B. and Kutzner, C. and van der Spoel, D. and Lindahl, E.},
	Date-Added = {2018-04-30 09:39:15 +0000},
	Date-Modified = {2018-10-07 17:08:12 +0200},
	Doi = {10.1021/ct700301q},
	Journal = {J. Chem. Theory Comput.},
	Number = {3},
	Pages = {435--447},
	Publisher = {ACS Publications},
	Title = {\uppercase{GROMACS 4:} algorithms for highly efficient, load-balanced, and scalable molecular simulation},
	Volume = {4},
	Year = {2008},
	Bdsk-Url-1 = {https://doi.org/10.1021/ct700301q}}

@article{berendsen1995gromacs,
	Author = {Berendsen, H.J.C. and van der Spoel, D. and van Drunen, R.},
	Date-Added = {2018-04-30 09:37:59 +0000},
	Date-Modified = {2018-10-07 12:15:46 +0200},
	Doi = {10.1016/0010-4655(95)00042-E},
	Journal = {Comput. Phys. Commun.},
	Number = {1-3},
	Pages = {43--56},
	Publisher = {Elsevier},
	Title = {\uppercase{GROMACS:} a message-passing parallel molecular dynamics implementation},
	Volume = {91},
	Year = {1995},
	Bdsk-Url-1 = {https://doi.org/10.1016/0010-4655(95)00042-E}}

@article{schmid2011definition,
	Author = {Schmid, N. and Eichenberger, A.P. and Choutko, A. and Riniker, S. and Winger, M. and Mark, A.E. and van Gunsteren, W.F.},
	Date-Added = {2018-04-30 09:35:47 +0000},
	Date-Modified = {2018-10-07 17:21:04 +0200},
	Doi = {10.1007/s00249-011-0700-9},
	Journal = {Eur. Biophys. J.},
	Number = {7},
	Pages = {843},
	Publisher = {Springer},
	Title = {Definition and testing of the \uppercase{GROMOS} force-field versions 54\uppercase{A}7 and 54\uppercase{B}7},
	Volume = {40},
	Year = {2011},
	Bdsk-Url-1 = {https://doi.org/10.1007/s00249-011-0700-9}}

@incollection{berendsen1981interaction,
	Address = {Dordrecht, the Netherlands},
	Author = {Berendsen, H.J.C. and Postma, J.P.M. and van Gunsteren, W.F. and Hermans, J.},
	Booktitle = {Intermolecular Forces},
	Doi = {10.1007/978-94-015-7658-1_21},
	Editor = {B. Pullmann},
	Pages = {331-342},
	Publisher = {Reidel},
	Title = {Interaction models for water in relation to protein hydration},
	Year = {1981},
	Bdsk-Url-1 = {https://doi.org/10.1007/978-94-015-7658-1_21}}

@article{pol2012gromos,
	Author = {Pol-Fachin, Laercio and Rusu, Victor H and Verli, Hugo and Lins, Roberto D},
	Doi = {10.1021/ct300479h},
	Journal = {J. Chem. Theory Comput.},
	Number = {11},
	Pages = {4681--4690},
	Publisher = {ACS Publications},
	Title = {GROMOS 53A6GLYC, an improved GROMOS force field for hexopyranose-based carbohydrates},
	Volume = {8},
	Year = {2012},
	Bdsk-Url-1 = {https://doi.org/10.1021/ct300479h}}

@article{tribello2014plumed,
	Author = {Tribello, Gareth A and Bonomi, Massimiliano and Branduardi, Davide and Camilloni, Carlo and Bussi, Giovanni},
	Doi = {10.1016/j.cpc.2013.09.018},
	Journal = {Comput. Phys. Commun.},
	Number = {2},
	Pages = {604--613},
	Publisher = {Elsevier},
	Title = {PLUMED 2: new feathers for an old bird},
	Volume = {185},
	Year = {2014},
	Bdsk-Url-1 = {https://doi.org/10.1016/j.cpc.2013.09.018}}

@article{berendsen1984molecular,
	Author = {Berendsen, H.J.C. and Postma, J.P.M. and van Gunsteren, W.F. and Di Nola, A. and Haak, J.R.},
	Date-Added = {2018-04-30 09:51:44 +0000},
	Date-Modified = {2018-10-07 12:15:28 +0200},
	Doi = {10.1063/1.448118},
	Journal = {J. Chem. Phys.},
	Number = {8},
	Pages = {3684--3690},
	Publisher = {AIP},
	Title = {Molecular dynamics with coupling to an external bath},
	Volume = {81},
	Year = {1984},
	Bdsk-Url-1 = {https://doi.org/10.1063/1.448118}}

@article{martyna1996explicit,
	Author = {Martyna, G.J. and Tuckerman, M.E. and Tobias, D.J. and Klein, M.L.},
	Date-Added = {2018-04-30 10:01:18 +0000},
	Date-Modified = {2018-10-07 17:15:57 +0200},
	Doi = {10.1080/00268979600100761},
	Journal = {Mol. Phys.},
	Number = {5},
	Pages = {1117--1157},
	Publisher = {Taylor \& Francis},
	Title = {Explicit reversible integrators for extended systems dynamics},
	Volume = {87},
	Year = {1996},
	Bdsk-Url-1 = {https://doi.org/10.1080/00268979600100761}}

@article{hoover1985canonical,
	Author = {Hoover, W.G.},
	Date-Added = {2018-04-30 10:00:52 +0000},
	Date-Modified = {2018-10-07 17:09:53 +0200},
	Doi = {10.1103/PhysRevA.31.1695},
	Journal = {Phys. Rev. A},
	Number = {3},
	Pages = {1695},
	Publisher = {APS},
	Title = {Canonical dynamics: equilibrium phase-space distributions},
	Volume = {31},
	Year = {1985},
	Bdsk-Url-1 = {https://doi.org/10.1103/PhysRevA.31.1695}}

@article{nose1984molecular,
	Author = {Nos{\'e}, S.},
	Date-Added = {2018-04-30 09:59:24 +0000},
	Date-Modified = {2018-10-07 17:17:07 +0200},
	Doi = {10.1080/00268978400101201},
	Journal = {Mol. Phys.},
	Number = {2},
	Pages = {255--268},
	Publisher = {Taylor \& Francis},
	Title = {A molecular dynamics method for simulations in the canonical ensemble},
	Volume = {52},
	Year = {1984},
	Bdsk-Url-1 = {https://doi.org/10.1080/00268978400101201}}

@article{nose1983constant,
	Author = {Nos{\'e}, S. and Klein, M.L.},
	Date-Added = {2018-04-30 10:02:22 +0000},
	Date-Modified = {2018-10-07 17:16:54 +0200},
	Doi = {10.1080/00268978300102851},
	Journal = {Mol. Phys.},
	Number = {5},
	Pages = {1055--1076},
	Publisher = {Taylor \& Francis},
	Title = {Constant pressure molecular dynamics for molecular systems},
	Volume = {50},
	Year = {1983},
	Bdsk-Url-1 = {https://doi.org/10.1080/00268978300102851}}

@article{parrinello1981polymorphic,
	Author = {Parrinello, M. and Rahman, A.},
	Date-Added = {2018-04-30 10:01:57 +0000},
	Date-Modified = {2018-10-07 17:19:31 +0200},
	Doi = {10.1063/1.328693},
	Journal = {J. Appl. Phys.},
	Number = {12},
	Pages = {7182--7190},
	Publisher = {AIP},
	Title = {Polymorphic transitions in single crystals: a new molecular dynamics method},
	Volume = {52},
	Year = {1981},
	Bdsk-Url-1 = {https://doi.org/10.1063/1.328693}}

@article{hess2008p,
	Author = {Hess, B.},
	Date-Added = {2018-04-30 10:09:14 +0000},
	Date-Modified = {2018-10-07 17:08:28 +0200},
	Doi = {10.1021/ct700200b},
	Journal = {J. Chem. Theory Comput.},
	Number = {1},
	Pages = {116--122},
	Publisher = {ACS Publications},
	Title = {\uppercase{P-LINCS:} a parallel linear constraint solver for molecular simulation},
	Volume = {4},
	Year = {2008},
	Bdsk-Url-1 = {https://doi.org/10.1021/ct700200b}}

@article{hess1997lincs,
	Author = {Hess, B. and Bekker, H. and Berendsen, H.J.C. and Fraaije, J.G.E.M.},
	Date-Added = {2018-04-30 10:08:06 +0000},
	Date-Modified = {2018-10-07 17:07:50 +0200},
	Doi = {10.1002/(SICI)1096-987X(199709)18:12<1463::AID-JCC4>3.0.CO;2-H},
	Journal = {J. Comput. Chem.},
	Number = {12},
	Pages = {1463--1472},
	Publisher = {Citeseer},
	Title = {\uppercase{LINCS:} a linear constraint solver for molecular simulations},
	Volume = {18},
	Year = {1997},
	Bdsk-Url-1 = {https://doi.org/10.1002/(SICI)1096-987X(199709)18:12%3C1463::AID-JCC4%3E3.0.CO;2-H}}

@article{miyamoto1992settle,
	Author = {Miyamoto, S. and Kollman, P.A.},
	Date-Added = {2018-04-30 10:07:48 +0000},
	Date-Modified = {2018-10-07 17:16:22 +0200},
	Doi = {10.1002/jcc.540130805},
	Journal = {J. Comput. Chem.},
	Number = {8},
	Pages = {952--962},
	Publisher = {Wiley Online Library},
	Title = {Settle: an analytical version of the SHAKE and RATTLE algorithm for rigid water models},
	Volume = {13},
	Year = {1992},
	Bdsk-Url-1 = {https://doi.org/10.1002/jcc.540130805}}

@article{pall2013flexible,
	Author = {P{\'a}ll, S. and Hess, B.},
	Date-Added = {2018-04-30 10:10:31 +0000},
	Date-Modified = {2018-10-07 17:18:03 +0200},
	Doi = {10.1016/j.cpc.2013.06.003},
	Journal = {Comput. Phys. Commun.},
	Number = {12},
	Pages = {2641--2650},
	Publisher = {Elsevier},
	Title = {A flexible algorithm for calculating pair interactions on \uppercase{SIMD} architectures},
	Volume = {184},
	Year = {2013},
	Bdsk-Url-1 = {https://doi.org/10.1016/j.cpc.2013.06.003}}

@article{essmann1995smooth,
	Author = {Essmann, U. and Perera, L. and Berkowitz, M.L. and Darden, T. and Lee, H. and Pedersen, L.G.},
	Date-Added = {2018-04-30 10:11:42 +0000},
	Date-Modified = {2018-10-07 12:35:22 +0200},
	Doi = {10.1063/1.470117},
	Journal = {J. Chem. Phys.},
	Number = {19},
	Pages = {8577--8593},
	Publisher = {AIP},
	Title = {A smooth Particle Mesh \uppercase{E}wald method},
	Volume = {103},
	Year = {1995},
	Bdsk-Url-1 = {https://doi.org/10.1063/1.470117}}

@article{darden1993particle,
	Author = {Darden, T. and York, D. and Pedersen, L.},
	Date-Added = {2018-04-30 10:10:56 +0000},
	Date-Modified = {2018-10-07 12:19:59 +0200},
	Doi = {10.1063/1.464397},
	Journal = {J. Chem. Phys.},
	Number = {12},
	Pages = {10089--10092},
	Publisher = {AIP},
	Title = {Particle Mesh \uppercase{E}wald: an \uppercase{N} log(\uppercase{N}) method for \uppercase{E}wald sums in large systems},
	Volume = {98},
	Year = {1993},
	Bdsk-Url-1 = {https://doi.org/10.1063/1.464397}}

@book{eastwood1981computer,
	Author = {Eastwood, J.W. and Hockney, R.W.},
	Date-Added = {2018-06-19 15:56:52 +0000},
	Date-Modified = {2019-07-18 16:21:15 +0200},
	Journal = {N. Y.: McGraw-Hill},
	Publisher = {N. Y.: McGraw-Hill},
	Title = {Computer simulation using particles},
	Year = {1981}}

@article{barker1973monte,
	Author = {Barker, JA and Watts, RO},
	Doi = {10.1080/00268977300102101},
	Journal = {Mol. Phys.},
	Number = {3},
	Pages = {789--792},
	Publisher = {Taylor \& Francis},
	Title = {Monte Carlo studies of the dielectric properties of water-like models},
	Volume = {26},
	Year = {1973},
	Bdsk-Url-1 = {https://doi.org/10.1080/00268977300102101}}

@article{billeter2000computer,
	Author = {Billeter, SR and van Gunsteren, WF},
	Doi = {10.1021/jp994127q},
	Journal = {J. Phys. Chem. A},
	Number = {15},
	Pages = {3276--3286},
	Publisher = {ACS Publications},
	Title = {Computer simulation of proton transfers of small acids in water},
	Volume = {104},
	Year = {2000},
	Bdsk-Url-1 = {https://doi.org/10.1021/jp994127q}}

@misc{pymbargit,
  title = {Python implementation of the multistate Bennett acceptance ratio},
  howpublished = {\url{https://github.com/choderalab/pymbar}},
  note = {Accessed: 2018-01-08}}

@article{baz2018insights,
	Author = {Baz, J{\"o}rg and Gebhardt, Julia and Kraus, Hamzeh and Markthaler, Daniel and Hansen, Niels},
	Doi = {10.1002/cite.201800050},
	Journal = {Chem. Ing. Tech.},
	Number = {11},
	Pages = {1864--1875},
	Publisher = {Wiley Online Library},
	Title = {Insights into noncovalent binding obtained from molecular dynamics simulations},
	Volume = {90},
	Year = {2018},
	Bdsk-Url-1 = {https://doi.org/10.1002/cite.201800050}}

@article{gilson1997statistical,
	Author = {Gilson, Michael K and Given, James A and Bush, Bruce L and McCammon, J Andrew},
	Doi = {10.1016/S0006-3495(97)78756-3},
	Journal = {Biophys. J.},
	Number = {3},
	Pages = {1047--1069},
	Publisher = {Elsevier},
	Title = {The statistical-thermodynamic basis for computation of binding affinities: a critical review},
	Volume = {72},
	Year = {1997},
	Bdsk-Url-1 = {https://doi.org/10.1016/S0006-3495(97)78756-3}}

@article{zhou2009theory,
	Author = {Zhou, Huan-Xiang and Gilson, Michael K},
	Doi = {10.1021/cr800551w},
	Journal = {Chem. Rev.},
	Number = {9},
	Pages = {4092--4107},
	Publisher = {ACS Publications},
	Title = {Theory of free energy and entropy in noncovalent binding},
	Volume = {109},
	Year = {2009},
	Bdsk-Url-1 = {https://doi.org/10.1021/cr800551w}}

@article{torrie1974monte,
	Author = {Torrie, Glenn M and Valleau, John P},
	Doi = {10.1016/0009-2614(74)80109-0},
	Journal = {Chem. Phys. Lett.},
	Number = {4},
	Pages = {578--581},
	Publisher = {Elsevier},
	Title = {Monte Carlo free energy estimates using non-Boltzmann sampling: application to the sub-critical Lennard-Jones fluid},
	Volume = {28},
	Year = {1974},
	Bdsk-Url-1 = {https://doi.org/10.1016/0009-2614(74)80109-0}}

@article{torrie1977nonphysical,
	Author = {Torrie, Glenn M and Valleau, John P},
	Doi = {10.1016/0021-9991(77)90121-8},
	Journal = {J. Comput. Phys.},
	Number = {2},
	Pages = {187--199},
	Publisher = {Elsevier},
	Title = {Nonphysical sampling distributions in Monte Carlo free-energy estimation: Umbrella Sampling},
	Volume = {23},
	Year = {1977},
	Bdsk-Url-1 = {https://doi.org/10.1016/0021-9991(77)90121-8}}

@article{allen2009forward,
	Author = {Allen, Rosalind J and Valeriani, Chantal and ten Wolde, Pieter Rein},
	Doi = {10.1088/0953-8984/21/46/463102},
	Journal = {J. Phys. Condens. Matter},
	Number = {46},
	Pages = {463102},
	Publisher = {IOP Publishing},
	Title = {Forward Flux Sampling for rare event simulations},
	Volume = {21},
	Year = {2009},
	Bdsk-Url-1 = {https://doi.org/10.1088/0953-8984/21/46/463102}}

@article{darve2008adaptive,
	Author = {Darve, Eric and Rodr{\'\i}guez-G{\'o}mez, David and Pohorille, Andrew},
	Doi = {10.1063/1.2829861},
	Journal = {J. Chem. Phys.},
	Number = {14},
	Pages = {144120},
	Publisher = {AIP},
	Title = {Adaptive biasing force method for scalar and vector free energy calculations},
	Volume = {128},
	Year = {2008},
	Bdsk-Url-1 = {https://doi.org/10.1063/1.2829861}}

@article{isralewitz2001steered_1,
	Author = {Isralewitz, Barry and Gao, Mu and Schulten, Klaus},
	Doi = {10.1016/S0959-440X(00)00194-9},
	Journal = {Curr Opin Cell Biol},
	Number = {2},
	Pages = {224--230},
	Publisher = {Elsevier},
	Title = {Steered molecular dynamics and mechanical functions of proteins},
	Volume = {11},
	Year = {2001},
	Bdsk-Url-1 = {https://doi.org/10.1016/S0959-440X(00)00194-9}}

@article{mobley2017predicting,
	Author = {Mobley, David L and Gilson, Michael K},
	Doi = {10.1146/annurev-biophys-070816-033654},
	Journal = {Annu. Rev. Biophys.},
	Pages = {531--558},
	Publisher = {Annual Reviews},
	Title = {Predicting binding free energies: frontiers and benchmarks},
	Volume = {46},
	Year = {2017},
	Bdsk-Url-1 = {https://doi.org/10.1146/annurev-biophys-070816-033654}}

@article{kirkwood1935statistical,
	Author = {Kirkwood, John G},
	Doi = {10.1063/1.1749657},
	Journal = {J. Chem. Phys.},
	Number = {5},
	Pages = {300--313},
	Publisher = {AIP},
	Title = {Statistical mechanics of fluid mixtures},
	Volume = {3},
	Year = {1935},
	Bdsk-Url-1 = {https://doi.org/10.1063/1.1749657}}

@article{zwanzig1954high,
	Author = {Zwanzig, Robert W},
	Doi = {10.1063/1.1740409},
	Journal = {J. Chem. Phys.},
	Number = {8},
	Pages = {1420--1426},
	Publisher = {AIP},
	Title = {High-temperature equation of state by a perturbation method. I. Nonpolar gases},
	Volume = {22},
	Year = {1954},
	Bdsk-Url-1 = {https://doi.org/10.1063/1.1740409}}

@article{gebhardt2016calculation,
	Author = {Gebhardt, Julia and Hansen, Niels},
	Doi = {10.1016/j.fluid.2016.02.001},
	Journal = {Fluid Phase Equilib.},
	Pages = {1--17},
	Publisher = {Elsevier},
	Title = {Calculation of binding affinities for linear alcohols to $\alpha$-cyclodextrin by twin-system enveloping distribution sampling simulations},
	Volume = {422},
	Year = {2016},
	Bdsk-Url-1 = {https://doi.org/10.1016/j.fluid.2016.02.001}}

@article{zuckerman2011equilibrium,
	Author = {Zuckerman, Daniel M},
	Doi = {10.1146/annurev-biophys-042910-155255},
	Journal = {Annu. Rev. Biophys.},
	Number = {1},
	Pages = {41--62},
	Publisher = {Annual Reviews},
	Title = {Equilibrium sampling in biomolecular simulations},
	Volume = {40},
	Year = {2011},
	Bdsk-Url-1 = {https://doi.org/10.1146/annurev-biophys-042910-155255}}

@article{sun2018molecular,
	Author = {Sun, Rui and Han, Yining and Swanson, Jessica MJ and Tan, Jeffrey S and Rose, John P and Voth, Gregory A},
	Doi = {10.1063/1.5027004},
	Journal = {J. Chem. Phys.},
	Number = {7},
	Pages = {072310},
	Publisher = {AIP Publishing},
	Title = {Molecular transport through membranes: accurate permeability coefficients from multidimensional potentials of mean force and local diffusion constants},
	Volume = {149},
	Year = {2018},
	Bdsk-Url-1 = {https://doi.org/10.1063/1.5027004}}

@article{general2010note,
	Author = {General, Ignacio J},
	Doi = {10.1021/ct100255z},
	Journal = {J. Chem. Theory Comput.},
	Number = {8},
	Pages = {2520--2524},
	Publisher = {ACS Publications},
	Title = {A note on the standard state's binding free energy},
	Volume = {6},
	Year = {2010},
	Bdsk-Url-1 = {https://doi.org/10.1021/ct100255z}}

@article{hermans1997inclusion,
	Author = {Hermans, Jan and Wang, LU},
	Doi = {10.1021/ja963568+},
	Journal = {J. Am. Chem. Soc.},
	Number = {11},
	Pages = {2707--2714},
	Publisher = {ACS Publications},
	Title = {Inclusion of loss of translational and rotational freedom in theoretical estimates of free energies of binding. Application to a complex of benzene and mutant T4 lysozyme},
	Volume = {119},
	Year = {1997},
	Bdsk-Url-1 = {https://doi.org/10.1021/ja963568+}}

@article{steinberg1963entropy,
	Author = {Steinberg, Izchak Z and Scheraga, Harold A},
	Journal = {J. Biol. Chem.},
	Number = {1},
	Pages = {172--181},
	Publisher = {ASBMB},
	Title = {Entropy changes accompanying association reactions of proteins},
	Url = {http://www.jbc.org/content/238/1/172.short},
	Volume = {238},
	Year = {1963},
	Bdsk-Url-1 = {http://www.jbc.org/content/238/1/172.short}}

@article{silva2018impact,
	Author = {Silva, Tom{\'a}s FD and Vila-Vi{\c{c}}osa, Diogo and Reis, Pedro BPS and Victor, Bruno L and Diem, Matthias and Oostenbrink, Chris and Machuqueiro, Miguel},
	Doi = {10.1021/acs.jctc.8b00758},
	Journal = {J. Chem. Theory Comput.},
	Number = {11},
	Pages = {5823--5833},
	Publisher = {ACS Publications},
	Title = {The impact of using single atomistic long-range cutoff schemes with the GROMOS 54A7 force field},
	Volume = {14},
	Year = {2018},
	Bdsk-Url-1 = {https://doi.org/10.1021/acs.jctc.8b00758}}

@article{gonccalves2019influence,
	Author = {Gon{\c{c}}alves, Yan MH and Senac, Caroline and Fuchs, Patrick Fran{\c{c}}ois Jimi and H{\"u}nenberger, Philippe Henry and Horta, Bruno AC},
	Doi = {10.1021/acs.jctc.8b00425},
	Journal = {J. Chem. Theory Comput.},
	Number = {3},
	Pages = {1806--1826},
	Publisher = {ACS Publications},
	Title = {Influence of the treatment of non-bonded interactions on thermodynamic and transport properties of pure liquids calculated using the 2016H66 force field},
	Volume = {15},
	Year = {2019},
	Bdsk-Url-1 = {https://doi.org/10.1021/acs.jctc.8b00425}}

@article{reisser2017real,
	Author = {Rei{\ss}er, Sabine and Poger, David and Stroet, Martin and Mark, Alan E},
	Doi = {10.1021/acs.jctc.7b00178},
	Journal = {J. Chem. Theory Comput.},
	Number = {6},
	Pages = {2367--2372},
	Publisher = {ACS Publications},
	Title = {Real cost of speed: the effect of a time-saving multiple-time-stepping algorithm on the accuracy of molecular dynamics simulations},
	Volume = {13},
	Year = {2017},
	Bdsk-Url-1 = {https://doi.org/10.1021/acs.jctc.7b00178}}

@article{loeffler2018reproducibility,
	Author = {Loeffler, Hannes H and Bosisio, Stefano and Duarte Ramos Matos, Guilherme and Suh, Donghyuk and Roux, Benoit and Mobley, David L and Michel, Julien},
	Doi = {10.1021/acs.jctc.8b00544},
	Journal = {J. Chem. Theory Comput.},
	Number = {11},
	Pages = {5567--5582},
	Publisher = {ACS Publications},
	Title = {Reproducibility of free energy calculations across different molecular simulation software packages},
	Volume = {14},
	Year = {2018},
	Bdsk-Url-1 = {https://doi.org/10.1021/acs.jctc.8b00544}}

@article{you2019potential,
	Author = {You, Wanli and Tang, Zhiye and Chang, Chia-en A},
	Doi = {10.1021/acs.jctc.8b01142},
	Journal = {J. Chem. Theory Comput.},
	Number = {4},
	Pages = {2433-2443},
	Publisher = {ACS Publications},
	Title = {Potential mean force from Umbrella Sampling simulations: what can we learn and what is missed?},
	Volume = {15},
	Year = {2019},
	Bdsk-Url-1 = {https://doi.org/10.1021/acs.jctc.8b01142}}

@article{konig2012predicting,
	Author = {K{\"o}nig, Gerhard and Brooks, Bernard R},
	Doi = {10.1007/s10822-011-9525-y},
	Journal = {J. Comput. Aided Mol. Des.},
	Number = {5},
	Pages = {543--550},
	Publisher = {Springer},
	Title = {Predicting binding affinities of host-guest systems in the SAMPL3 blind challenge: the performance of relative free energy calculations},
	Volume = {26},
	Year = {2012},
	Bdsk-Url-1 = {https://doi.org/10.1007/s10822-011-9525-y}}

@article{zuiderweg1985determination,
	Author = {Zuiderweg, Erik RP and Scheek, Ruud M and Boelens, Rolf and van Gunsteren, Wilfred F and Kaptein, Robert},
	Doi = {10.1016/S0300-9084(85)80158-9},
	Journal = {Biochimie},
	Number = {7-8},
	Pages = {707--715},
	Publisher = {Elsevier},
	Title = {Determination of protein structures from nuclear magnetic resonance data using a restrained molecular dynamics approach: the lac repressor DNA binding domain},
	Volume = {67},
	Year = {1985},
	Bdsk-Url-1 = {https://doi.org/10.1016/S0300-9084(85)80158-9}}

@article{ryckaert1977numerical,
	Author = {Ryckaert, Jean-Paul and Ciccotti, Giovanni and Berendsen, Herman JC},
	Doi = {10.1016/0021-9991(77)90098-5},
	Journal = {J. Comput. Phys.},
	Number = {3},
	Pages = {327--341},
	Publisher = {Elsevier},
	Title = {Numerical integration of the cartesian equations of motion of a system with constraints: molecular dynamics of n-alkanes},
	Volume = {23},
	Year = {1977},
	Bdsk-Url-1 = {https://doi.org/10.1016/0021-9991(77)90098-5}}

@article{heinz2001comparison,
	Author = {Heinz, Tim N and van Gunsteren, Wilfred F and H{\"u}nenberger, Philippe H},
	Doi = {10.1063/1.1379764},
	Journal = {J. Chem. Phys.},
	Number = {3},
	Pages = {1125--1136},
	Publisher = {AIP},
	Title = {Comparison of four methods to compute the dielectric permittivity of liquids from molecular dynamics simulations},
	Volume = {115},
	Year = {2001},
	Bdsk-Url-1 = {https://doi.org/10.1063/1.1379764}}

@article{kell1967precise,
	Author = {Kell, GS},
	Doi = {10.1021/je60032a018},
	Journal = {J. Chem. Eng. Data},
	Number = {1},
	Pages = {66--69},
	Publisher = {ACS Publications},
	Title = {Precise representation of volume properties of water at one atmosphere},
	Volume = {12},
	Year = {1967},
	Bdsk-Url-1 = {https://doi.org/10.1021/je60032a018}}

@article{mobley2006use,
	Author = {Mobley, David L and Chodera, John D and Dill, Ken A},
	Doi = {10.1063/1.2221683},
	Journal = {J. Chem. Phys.},
	Number = {8},
	Pages = {084902},
	Publisher = {AIP},
	Title = {On the use of orientational restraints and symmetry corrections in alchemical free energy calculations},
	Volume = {125},
	Year = {2006},
	Bdsk-Url-1 = {https://doi.org/10.1063/1.2221683}}

@article{pohorille2010good,
	Author = {Pohorille, Andrew and Jarzynski, Christopher and Chipot, Christophe},
	Doi = {10.1021/jp102971x},
	Journal = {J. Phys. Chem. B},
	Number = {32},
	Pages = {10235--10253},
	Publisher = {ACS Publications},
	Title = {Good practices in free-energy calculations},
	Volume = {114},
	Year = {2010},
	Bdsk-Url-1 = {https://doi.org/10.1021/jp102971x}}

@article{papadourakis2018blinded,
	Author = {Papadourakis, Michail and Bosisio, Stefano and Michel, Julien},
	Doi = {10.1007/s1082},
	Journal = {J. Comput. Aided Mol. Des.},
	Number = {10},
	Pages = {1047--1058},
	Publisher = {Springer},
	Title = {Blinded predictions of standard binding free energies: lessons learned from the SAMPL6 challenge},
	Volume = {32},
	Year = {2018},
	Bdsk-Url-1 = {https://doi.org/10.1007/s1082}}

@article{aaqvist2017cold,
	Author = {{\AA}qvist, Johan},
	Doi = {10.1021/acs.biochem.7b00523},
	Journal = {Biochemistry},
	Number = {32},
	Pages = {4169--4176},
	Publisher = {ACS Publications},
	Title = {Cold adaptation of triosephosphate isomerase},
	Volume = {56},
	Year = {2017},
	Bdsk-Url-1 = {https://doi.org/10.1021/acs.biochem.7b00523}}

@article{reif2011computation,
	Author = {Reif, Maria M and H{\"u}nenberger, Philippe H},
	Doi = {10.1063/1.3567022},
	Journal = {J. Chem. Phys.},
	Number = {14},
	Pages = {144104},
	Publisher = {AIP},
	Title = {Computation of methodology-independent single-ion solvation properties from molecular simulations. IV. Optimized Lennard-Jones interaction parameter sets for the alkali and halide ions in water},
	Volume = {134},
	Year = {2011},
	Bdsk-Url-1 = {https://doi.org/10.1063/1.3567022}}

@article{gebhardt2018validation,
	Author = {Gebhardt, Julia and Kleist, Catharina and Jakobtorweihen, Sven and Hansen, Niels},
	Doi = {10.1021/acs.jpcb.7b11808},
	Journal = {J. Phys. Chem. B},
	Number = {5},
	Pages = {1608--1626},
	Publisher = {ACS Publications},
	Title = {Validation and comparison of force fields for native cyclodextrins in aqueous solution},
	Volume = {122},
	Year = {2018},
	Bdsk-Url-1 = {https://doi.org/10.1021/acs.jpcb.7b11808}}

@article{tirado2006contribution,
	Author = {Tirado-Rives, Julian and Jorgensen, William L},
	Doi = {10.1021/jm060763i},
	Journal = {J. Med. Chem.},
	Number = {20},
	Pages = {5880--5884},
	Publisher = {ACS Publications},
	Title = {Contribution of conformer focusing to the uncertainty in predicting free energies for protein- ligand binding},
	Volume = {49},
	Year = {2006},
	Bdsk-Url-1 = {https://doi.org/10.1021/jm060763i}}

@article{gilson2013correction,
	Author = {Gilson, Michael K and Irikura, Karl K},
	Doi = {10.1021/jp401194k},
	Journal = {J. Phys. Chem. B},
	Number = {10},
	Pages = {3061--3061},
	Publisher = {ACS Publications},
	Title = {Correction to ``Symmetry numbers for rigid, flexible, and fluxional molecules: theory and applications''},
	Volume = {117},
	Year = {2013},
	Bdsk-Url-1 = {https://doi.org/10.1021/jp401194k}}

@article{van2006biomolecular,
	Author = {van Gunsteren, Wilfred F and Bakowies, Dirk and Baron, Riccardo and Chandrasekhar, Indira and Christen, Markus and Daura, Xavier and Gee, Peter and Geerke, Daan P and Gl{\"a}ttli, Alice and H{\"u}nenberger, Philippe H and Kastenholz, Mika A and Oostenbrink, Chris and Schenk, Merijn and Trzesniak, Daniel and van der Vegt, Nico F. A. and Yu, Haibo B.},
	Date-Modified = {2019-07-18 16:27:31 +0200},
	Doi = {10.1002/anie.200502655},
	Journal = {Angew. Chem. Int. Ed.},
	Number = {25},
	Pages = {4064--4092},
	Publisher = {Wiley Online Library},
	Title = {Biomolecular modeling: goals, problems, perspectives},
	Volume = {45},
	Year = {2006},
	Bdsk-Url-1 = {https://doi.org/10.1002/anie.200502655}}

@article{wong2016good,
	Author = {Wong-ekkabut, Jirasak and Karttunen, Mikko},
	Doi = {10.1016/j.bbamem.2016.02.004},
	Journal = {Biochim. Biophys. Acta},
	Number = {10},
	Pages = {2529--2538},
	Publisher = {Elsevier},
	Title = {The good, the bad and the user in soft matter simulations},
	Volume = {1858},
	Year = {2016},
	Bdsk-Url-1 = {https://doi.org/10.1016/j.bbamem.2016.02.004}}

@article{huber1994local,
	Author = {Huber, Thomas and Torda, Andrew E and Van Gunsteren, Wilfred F},
	Doi = {10.1007/BF00124016},
	Journal = {J. Comput. Aided Mol. Des.},
	Number = {6},
	Pages = {695--708},
	Publisher = {Springer},
	Title = {Local elevation: a method for improving the searching properties of molecular dynamics simulation},
	Volume = {8},
	Year = {1994},
	Bdsk-Url-1 = {https://doi.org/10.1007/BF00124016}}

@article{flood2019atomistic,
	Author = {Flood, Emelie and Boiteux, C{\'e}line and Lev, Bogdan and Vorobyov, Igor and Allen, Toby W},
	Doi = {10.1021/acs.chemrev.8b00630},
	Journal = {Chem. Rev.},
	Publisher = {ACS Publications},
	Title = {Atomistic Simulations of Membrane Ion Channel Conduction, Gating, and Modulation},
	Year = {2019},
	Bdsk-Url-1 = {https://doi.org/10.1021/acs.chemrev.8b00630}}

@article{iupac1983symbols,
	Author = {IUPAC-IUB},
	Doi = {10.1111/j.1432-1033.1983.tb07224.x},
	Journal = {Eur. J. Biochem.},
	Pages = {5--7},
	Title = {Symbols for specifying the conformation of polysaccharide chains, Recommendations 1981},
	Volume = {131},
	Year = {1983},
	Bdsk-Url-1 = {https://doi.org/10.1111/j.1432-1033.1983.tb07224.x}}
